03.06.2020 02:14:31 gate.io: {"error": null, "result": {"status": "success"}, "id": 1} 
03.06.2020 02:14:31 gate.io: {"error": null, "result": {"status": "success"}, "id": 1} 
03.06.2020 02:14:31 gate.io: {"error": null, "result": {"status": "success"}, "id": 1} 
03.06.2020 02:14:31 gate.io: {"method": "depth.update", "params": [true, {"asks": [["9485", "0.15"], ["9485.42", "0.0183"], ["9486.49", "0.7506"], ["9486.82", "0.00522655"], ["9487.37", "0.0915"], ["9487.54", "0.6"], ["9488.75", "0.144"], ["9488.76", "0.118"], ["9488.87", "0.18"], ["9490.01", "0.1648"], ["9491.23", "0.3"], ["9491.64", "0.05082175"], ["9492.37", "0.05498762"], ["9492.42", "0.05615704"], ["9493.8", "0.3602"], ["9493.9", "0.25"], ["9494.46", "0.5271"], ["9495.3", "0.25"], ["9496.01", "0.1708"], ["9496.87", "0.4"], ["9496.88", "0.01"], ["9497.1", "0.63"], ["9498.6", "0.5"], ["9498.95", "0.0315"], ["9499", "0.25"], ["9500", "0.136"], ["9500.87", "0.05036274"], ["9501.57", "0.05035591"], ["9501.6", "0.05635732"], ["9501.69", "0.00339406"]], "bids": [["9481.99", "1.0135"], ["9479.72", "0.1"], ["9477.49", "0.18"], ["9477.02", "0.3"], ["9475.62", "0.1457"], ["9474.45", "0.4"], ["9474.44", "0.144"], ["9474.04", "0.0183"], ["9473.91", "0.5271"], ["9472.49", "0.0915"], ["9471.56", "0.0809"], ["9471.42", "1"], ["9471.37", "0.1648"], ["9467.3", "0.5"], ["9466.7", "0.5"], ["9466.3", "0.25"], ["9465.9", "0.5"], ["9465", "0.0237"], ["9464.61", "0.1265"], ["9462.94", "0.01061607"], ["9461.2", "0.949"], ["9460.7", "0.118"], ["9455", "0.1597"], ["9454.53", "0.0581"], ["9453.06", "0.00121078"], ["9451.51", "0.3602"], ["9450", "0.6293"], ["9448.82", "0.0005502"], ["9446.49", "1.174653116"], ["9445.85", "1.5"]]}, "BTC_USDT"], "id": null} 
03.06.2020 02:14:31 gate.io: {"error": null, "result": {"status": "success"}, "id": 1} 
03.06.2020 02:14:31 gate.io: {"method": "depth.update", "params": [true, {"asks": [["2.6573", "410"], ["2.6575", "194.249"], ["2.6576", "500.949"], ["2.6577", "335.4"], ["2.6586", "273.24654668"], ["2.6599", "1317.412"], ["2.6605", "196.336"], ["2.6609", "76.18682183"], ["2.6614", "462.3763023"], ["2.6631", "2258.081"], ["2.6635", "1135"], ["2.6637", "0.457005018"], ["2.6639", "3945"], ["2.664", "180"], ["2.6649", "2200"], ["2.665", "160"], ["2.6654", "20"], ["2.666", "240"], ["2.6673", "173.2078"], ["2.6695", "183.5741"], ["2.6697", "4.93428015"], ["2.6703", "75.272"], ["2.6714", "40045"], ["2.6717", "3386.112"], ["2.672", "20"], ["2.6722", "108.2883"], ["2.6728", "150.6896"], ["2.6729", "9.5"], ["2.6772", "45.85173748"], ["2.6776", "141.4997"]], "bids": [["2.6558", "60"], ["2.6555", "500.949"], ["2.6554", "1886"], ["2.6548", "304.4"], ["2.654", "65.216"], ["2.6538", "65.336"], ["2.6537", "326.109"], ["2.6536", "1317.412"], ["2.6533", "168.4582541"], ["2.6528", "1162.419"], ["2.6527", "406.19486621"], ["2.6524", "0.75"], ["2.6519", "385"], ["2.6518", "633.89573748"], ["2.6517", "181.492"], ["2.6516", "9.5"], ["2.6509", "5"], ["2.6507", "2258.424"], ["2.6506", "1135"], ["2.6502", "971.097"], ["2.65", "960.24057826"], ["2.6498", "136.293"], ["2.6494", "754.8878991469"], ["2.649", "2200"], ["2.6484", "9589.3566900276"], ["2.648", "100"], ["2.6473", "20"], ["2.6471", "21.115857566"], ["2.647", "160"], ["2.6468", "2985.8766"]]}, "EOS_USDT"], "id": null} 
03.06.2020 02:14:31 okex: {"event":"subscribe","channel":"spot/depth:LTC-USDT"} 
03.06.2020 02:14:31 okex: {"table":"spot/depth","action":"partial","data":[{"instrument_id":"LTC-USDT","asks":[["45.69","111.084775","6"],["45.7","481.038892","10"],["45.71","241.449695","12"],["45.72","224.561157","18"],["45.73","142.791232","12"],["45.74","392.684533","19"],["45.75","110.237367","7"],["45.76","332.616787","5"],["45.77","236.480852","9"],["45.78","32.77972","1"],["45.79","89.227871","7"],["45.8","63.201439","6"],["45.81","170.669329","5"],["45.82","389.331384","19"],["45.83","47.074198","12"],["45.84","277.640362","4"],["45.85","50.087336","4"],["45.86","184.92101","2"],["45.87","1.095251","1"],["45.88","1.99","1"],["45.89","242.100675","1"],["45.91","51.140277","1"],["45.92","0.030327","1"],["45.93","0.465058","2"],["45.94","0.873818","1"],["45.95","0.00101","1"],["45.96","1899.694387","4"],["45.97","140.122","2"],["45.98","11.421","1"],["46","9.064926","2"],["46.01","227.124538","1"],["46.02","0.507744","2"],["46.03","0.052378","1"],["46.04","0.45","1"],["46.05","0.004845","1"],["46.06","75.256493","2"],["46.07","0.00101","1"],["46.08","361.5695","6"],["46.09","59.198","1"],["46.1","1.202177","2"],["46.11","0.024144","1"],["46.13","240.753","1"],["46.14","202.961914","2"],["46.15","0.292094","1"],["46.17","0.015008","1"],["46.19","0.450981","2"],["46.2","35.986695","4"],["46.22","80.097387","4"],["46.24","0.152123","2"],["46.25","8.007744","2"],["46.27","0.01307","1"],["46.28","6.48101","2"],["46.29","0.052378","1"],["46.3","8.01","3"],["46.31","0.45","1"],["46.33","2.514018","3"],["46.35","8.005","2"],["46.36","2.024144","2"],["46.37","0.5","1"],["46.38","290.782","1"],["46.39","87.325295","3"],["46.4","8.040018","4"],["46.41","0.307024","2"],["46.42","2.921977","6"],["46.43","16.529004","3"],["46.44","0.398","1"],["46.45","13.447471","4"],["46.46","0.007273","2"],["46.47","6.608531","5"],["46.5","180.441989","8"],["46.51","0.122","1"],["46.52","0.022395","1"],["46.53","0.00101","1"],["46.55","16.059903","3"],["46.56","6.555833","3"],["46.58","0.45","1"],["46.6","8","1"],["46.61","0.027072","2"],["46.62","386.654144","4"],["46.63","0.01307","1"],["46.65","8.014853","2"],["46.67","2.761934","3"],["46.69","54","1"],["46.7","8.7008","4"],["46.72","0.529812","2"],["46.73","0.124387","2"],["46.74","36.391876","2"],["46.75","8","1"],["46.77","0.122","1"],["46.8","8","1"],["46.81","409.259673","3"],["46.84","6.432662","5"],["46.85","8.45","2"],["46.86","0.05","1"],["46.88","12.427983","6"],["46.89","0.019622","2"],["46.9","8","1"],["46.91","0.00101","1"],["46.93","0.299838","2"],["46.94","6.39","1"],["46.95","8","1"],["46.96","0.449971","1"],["46.98","0.118996","1"],["46.99","54.018461","3"],["47","374.465502","11"],["47.01","2.450978","1"],["47.04","0.151608","2"],["47.05","8","1"],["47.07","1.141414","2"],["47.08","0.052378","1"],["47.1","8.234185","3"],["47.12","0.45","1"],["47.13","824.840701","2"],["47.14","0.995034","3"],["47.15","8.00101","2"],["47.16","0.421708","3"],["47.17","0.02724","2"],["47.19","0.292094","1"],["47.2","8.029508","2"],["47.22","0.457244","3"],["47.24","0.176285","3"],["47.25","8.005391","2"],["47.3","62.122","3"],["47.32","0.243085","1"],["47.34","0.052378","1"],["47.35","10.792179","4"],["47.36","0.029408","1"],["47.37","0.014626","1"],["47.39","0.482898","4"],["47.4","10.636984","3"],["47.41","6.32","1"],["47.43","0.5","1"],["47.44","0.00101","1"],["47.45","8.026679","3"],["47.46","0.292094","1"],["47.47","0.449971","1"],["47.49","8.295893","2"],["47.5","125.73811","5"],["47.51","0.005391","1"],["47.52","0.029308","1"],["47.55","8","1"],["47.56","83.066762","3"],["47.57","0.122","1"],["47.58","0.11","1"],["47.6","86.774671","6"],["47.62","0.022296","2"],["47.63","0.00101","1"],["47.64","373.89","1"],["47.65","18.027138","4"],["47.66","0.504295","2"],["47.68","0.02921","1"],["47.69","2.415659","1"],["47.7","8","1"],["47.72","0.01307","1"],["47.73","1.109105","4"],["47.75","34.625361","3"],["47.76","10.005391","2"],["47.78","0.5","1"],["47.8","8","1"],["47.82","0.40855","1"],["47.83","0.144395","2"],["47.84","0.029112","1"],["47.85","8.978634","4"],["47.86","0.053388","2"],["47.87","0.014476","1"],["47.88","8.007525","1"],["47.89","6.26","1"],["47.9","8","1"],["47.91","54.024144","2"],["47.92","2","1"],["47.93","0.693085","2"],["47.94","0.2","1"],["47.95","8","1"],["47.99","0.457244","3"],["48","363.385326","17"],["48.01","0.026421","2"],["48.02","0.005391","1"],["48.04","2.398191","1"],["48.05","73.098894","4"],["48.06","0.740234","4"],["48.08","0.01307","1"],["48.09","0.054295","1"],["48.1","8.12801","4"],["48.12","0.066778","2"],["48.14","0.5","1"],["48.15","8","1"],["48.16","0.051313","2"],["48.17","0.024144","1"],["48.19","4.96","1"],["48.2","8.455","3"],["48.21","54","1"],["48.24","0.449971","1"],["48.25","8","1"],["48.26","0.118996","1"],["48.28","0.005391","1"],["48.29","0.365645","2"],["48.3","8.026448","3"],["48.32","0.028822","1"],["48.34","0.00101","1"],["48.35","8.124185","2"],["48.36","0.12301","2"],["48.37","0.021598","3"],["48.38","0.052378","1"],["48.39","3.004724","2"],["48.4","8.005","2"],["48.42","0.024144","1"],["48.44","2.01307","2"],["48.45","8","1"],["48.46","0.002994","1"],["48.47","0.45","1"],["48.48","0.028726","1"],["48.5","305.616512","8"],["48.51","0.673291","3"],["48.52","54","1"],["48.54","0.115391","2"],["48.55","8.248085","3"],["48.57","0.977755","5"],["48.58","6.870914","2"],["48.59","115.185142","2"],["48.6","16.005","3"],["48.62","10.014251","2"],["48.63","0.122","1"],["48.64","0.081009","2"],["48.65","16","2"],["48.67","50.375965","1"],["48.68","0.024144","1"],["48.7","16.005","3"],["48.71","0.379","1"],["48.73","0.619565","1"],["48.74","2.813633","2"],["48.75","16.057273","5"],["48.76","0.449971","1"],["48.77","0.435796","2"],["48.8","8.051998","5"],["48.82","54.00101","2"],["48.84","0.022395","1"],["48.85","8.004845","2"],["48.86","0.002994","1"],["48.87","0.514178","2"],["48.88","0.021194","1"],["48.89","0.122","1"],["48.9","8.005","2"],["48.91","0.052378","1"],["48.94","0.078439","2"],["48.95","8","1"],["48.96","2","1"],["48.97","0.028444","1"],["49","156.561124","14"],["49.01","0.899971","2"],["49.02","0.228996","2"],["49.05","8","1"],["49.06","0.006401","2"],["49.07","0.617306","3"],["49.1","10.346541","2"],["49.12","0.014105","1"],["49.13","54.012118","4"],["49.14","0.028345","1"],["49.15","8","1"],["49.16","0.122","1"],["49.17","0.277224","3"],["49.18","0.022395","1"],["49.19","0.024144","1"],["49.2","8.005","2"],["49.24","0.5","1"],["49.25","8.313636","2"],["49.27","0.452965","2"],["49.28","1.540896","5"],["49.3","8.00601","3"],["49.31","57.567227","3"],["49.35","8","1"],["49.36","0.054295","1"],["49.37","0.014034","1"],["49.4","8","1"],["49.41","218.703721","3"],["49.42","2.122","2"],["49.43","54","1"],["49.45","8.024144","2"],["49.46","2.350517","2"],["49.47","20","1"],["49.48","2.028149","2"],["49.5","285.941766","8"],["49.51","0.007273","2"],["49.52","0.022395","1"],["49.53","0.582037","3"],["49.54","0.00101","1"],["49.55","8.45","2"],["49.57","0.005391","1"],["49.58","0.00202","2"],["49.6","36.004941","3"],["49.61","0.624185","2"],["49.63","0.013963","1"],["49.64","3.572782","1"],["49.65","8.028053","2"],["49.68","0.002994","1"],["49.69","0.126845","2"],["49.7","30.505","3"],["49.71","0.024144","1"],["49.73","31.33112","2"],["49.75","17.759798","9"],["49.76","0.02082","1"],["49.78","0.00101","1"],["49.79","0.516376","4"],["49.8","334.953027","5"],["49.82","2.790684","3"],["49.83","0.005391","1"],["49.85","29.866693","6"],["49.87","0.022395","1"],["49.88","0.752692","1"],["49.89","0.026959","2"],["49.9","1041.651699","7"],["49.92","30.94","1"],["49.95","5.872","6"],["49.97","0.028989","2"],["49.98","10.61","3"],["49.99","7.591906","6"],["50","1271.904876","64"],["50.02","10.248341","2"],["50.04","42.125191","1"],["50.05","10.020696","3"],["50.08","0.005014","3"],["50.09","0.455391","2"],["50.1","20.786106","6"],["50.12","67.486","1"],["50.14","0.1447","1"],["50.15","10.014809","3"],["50.16","0.029678","1"],["50.18","2.296004","1"],["50.2","140.291155","8"],["50.21","0.422295","2"],["50.22","0.168539","3"],["50.25","10.017915","4"],["50.26","0.00101","1"],["50.28","0.007273","2"],["50.3","10.15","3"],["50.33","0.029678","1"],["50.34","54","1"],["50.35","10.025965","4"],["50.36","0.95","2"],["50.38","300.03575","1"],["50.4","10.15667","4"],["50.41","0.014809","1"],["50.43","46.043727","1"],["50.45","10.636106","3"],["50.46","0.11","1"],["50.48","0.146144","2"],["50.49","0.002994","1"],["50.5","152.759723","12"],["50.53","0.004845","1"],["50.55","44.529401","5"],["50.57","0.022395","1"],["50.59","0.00202","2"],["50.6","343.358066","5"],["50.62","0.01307","1"],["50.63","0.45","1"],["50.64","0.054295","1"],["50.65","64.020452","4"],["50.66","0.007273","2"],["50.67","0.044487","2"],["50.69","0.093028","1"],["50.7","12","3"],["50.71","0.122228","1"],["50.72","0.05","1"],["50.74","0.525154","3"],["50.75","10.122","3"],["50.78","0.312332","1"],["50.8","24.459168","5"],["50.81","0.004845","1"],["50.84","0.029678","1"],["50.85","10","2"],["50.86","0.129576","2"],["50.88","46.110124","1"],["50.89","0.002994","1"],["50.9","46.918385","5"],["50.93","0.305847","1"],["50.94","0.11","1"],["50.95","64","3"],["50.96","0.023433","1"],["50.98","0.01408","2"],["51","350.054781","18"],["51.01","0.029678","1"],["51.02","0.122","1"],["51.04","0.007273","2"],["51.05","5","1"],["51.06","0.054295","1"],["51.09","0.006865","3"],["51.1","3075.879343","5"],["51.12","0.506401","3"],["51.13","56.698775","1"],["51.15","5005.636106","3"],["51.17","0.45","1"],["51.18","0.029678","1"],["51.2","29.987443","3"],["51.22","0.00101","1"],["51.25","38.520028","6"],["51.26","54.387821","3"],["51.28","0.122","1"],["51.29","7.80613","1"],["51.3","12.694449","4"],["51.33","3.5","1"],["51.34","0.01307","1"]],"bids":[["45.68","0.001","1"],["45.67","167.987847","8"],["45.66","342.682021","9"],["45.65","80.649742","7"],["45.64","572.977213","21"],["45.63","120.524401","7"],["45.62","625.969646","18"],["45.61","325.207841","6"],["45.6","80.62963","5"],["45.59","234.91888","13"],["45.58","242.939723","5"],["45.57","141.027349","4"],["45.56","129.675683","17"],["45.55","33.844317","2"],["45.54","32.918876","3"],["45.53","191.5","2"],["45.52","39.066271","4"],["45.51","3.075005","4"],["45.5","0.95","2"],["45.49","294.83004","5"],["45.48","274.654201","2"],["45.47","56.690984","5"],["45.46","0.243085","1"],["45.45","140.134163","3"],["45.44","51.890447","4"],["45.43","1900.772199","3"],["45.42","0.449971","1"],["45.38","230.277655","1"],["45.37","0.0011","1"],["45.36","0.292094","1"],["45.35","16.615214","2"],["45.34","0.528144","2"],["45.33","135.101427","5"],["45.32","184.219628","3"],["45.31","0.007273","2"],["45.3","72.07422","4"],["45.29","300","1"],["45.27","226.192285","3"],["45.26","271.038","2"],["45.25","917.942378","2"],["45.24","0.495311","3"],["45.23","1.60101","2"],["45.22","0.016254","2"],["45.21","100.004845","2"],["45.2","27.065921","5"],["45.18","0.250461","4"],["45.17","63.8824","3"],["45.16","7.089971","2"],["45.15","0.664034","1"],["45.11","0.054295","1"],["45.1","9.438282","5"],["45.08","0.024144","1"],["45.07","6.65","1"],["45.06","25.896","2"],["45.05","10","1"],["45.03","1.510731","1"],["45.02","5.530832","3"],["45.01","72.152865","3"],["45","1182.874431","16"],["44.99","6.4596","6"],["44.98","5.42","1"],["44.97","572.372898","3"],["44.95","2135.283614","2"],["44.94","0.118996","1"],["44.93","0.040214","5"],["44.92","405.182","1"],["44.91","39.348971","3"],["44.9","103.48716","2"],["44.88","6.687744","2"],["44.87","0.030935","1"],["44.86","54","1"],["44.85","0.243085","1"],["44.84","0.960747","2"],["44.83","1.138103","1"],["44.82","0.037214","2"],["44.8","88.999693","10"],["44.78","367.526","2"],["44.76","0.015401","1"],["44.75","0.447593","2"],["44.72","0.083417","2"],["44.71","0.023034","1"],["44.7","16.151417","4"],["44.69","0.174301","3"],["44.68","2.560062","1"],["44.67","0.005391","1"],["44.66","0.504","1"],["44.65","20.90956","7"],["44.62","0.388157","2"],["44.61","605.415","3"],["44.6","240.978199","5"],["44.59","0.124185","1"],["44.58","21.036659","4"],["44.57","365.810674","2"],["44.56","54.024144","2"],["44.55","15.007273","4"],["44.53","0.688783","2"],["44.51","1000.00101","2"],["44.5","447.329115","13"],["44.46","0.052378","1"],["44.45","15.333432","4"],["44.44","6.434101","2"],["44.43","0.568996","2"],["44.42","0.144812","3"],["44.41","0.005391","1"],["44.4","29.731764","4"],["44.39","6102.330366","2"],["44.38","38.942","2"],["44.37","0.005855","2"],["44.36","5364.848081","2"],["44.35","20","3"],["44.34","20561.861777","9"],["44.33","729.086896","3"],["44.32","62.035503","2"],["44.31","9921.537354","4"],["44.3","54.012721","6"],["44.28","2998.890226","5"],["44.27","73585.62394","12"],["44.26","54.054295","2"],["44.25","520","4"],["44.23","375.517742","2"],["44.22","0.787987","2"],["44.2","30.052378","5"],["44.19","0.007744","1"],["44.18","0.142306","2"],["44.17","100.507273","3"],["44.16","93.046002","6"],["44.15","35.005391","5"],["44.14","43251.820606","3"],["44.13","1.108547","1"],["44.12","0.153461","2"],["44.1","4138.229121","5"],["44.09","0.017915","2"],["44.08","10","1"],["44.07","0.015642","1"],["44.05","20.316238","5"],["44.03","3.009503","3"],["44.02","68.150841","1"],["44.01","74.6","1"],["44","669.015856","33"],["43.97","6.811568","2"],["43.96","0.007744","1"],["43.95","69.00101","4"],["43.94","374.732378","2"],["43.92","1.874393","4"],["43.9","15","2"],["43.89","0.455391","2"],["43.88","17.209971","3"],["43.85","15.122","3"],["43.84","0.070019","2"],["43.82","0.031676","1"],["43.81","0.004845","1"],["43.8","25.2","3"],["43.79","0.317248","3"],["43.78","0.007273","2"],["43.77","0.00101","1"],["43.76","2","1"],["43.75","15","2"],["43.74","0.11101","2"],["43.73","0.382814","3"],["43.72","2.616412","1"],["43.7","40.82","4"],["43.69","0.023349","1"],["43.68","0.052378","1"],["43.67","0.150781","2"],["43.65","69.023589","4"],["43.63","0.005391","1"],["43.62","21.899971","4"],["43.61","0.946343","3"],["43.6","26.525506","4"],["43.59","0.122","1"],["43.58","10","1"],["43.57","375.145638","3"],["43.55","15.00101","3"],["43.54","3.23932","1"],["43.53","0.321083","3"],["43.52","0.032904","2"],["43.51","0.007744","1"],["43.5","611.11261","11"],["43.49","13.326477","1"],["43.45","44","3"],["43.44","6.83","1"],["43.43","6.86","1"],["43.42","0.052378","1"],["43.41","0.173291","2"],["43.4","574.059701","9"],["43.39","0.02351","1"],["43.38","0.005391","1"],["43.37","0.495046","3"],["43.35","19.84819","4"],["43.34","54","1"],["43.33","2.124185","2"],["43.32","0.122","1"],["43.31","0.694253","3"],["43.3","118.65126","5"],["43.28","3.031888","3"],["43.27","0.292094","1"],["43.26","0.11","1"],["43.25","20.004845","4"],["43.24","2","1"],["43.22","0.032116","1"],["43.2","30.2","4"],["43.16","7.071374","3"],["43.15","20","3"],["43.14","0.023871","1"],["43.12","0.005391","1"],["43.11","1.558518","2"],["43.1","23.00101","6"],["43.09","2.67834","2"],["43.08","0.45","1"],["43.07","0.033238","2"],["43.06","0.122","1"],["43.05","15.007744","3"],["43.04","54","1"],["43.02","0.031417","3"],["43.01","0.989141","2"],["43","411.322696","23"],["42.99","0.29738","2"],["42.98","2.547752","1"],["42.97","0.004845","1"],["42.95","15.01","3"],["42.92","0.03234","1"],["42.9","37.068996","5"],["42.89","0.053388","2"],["42.88","1107.535125","4"],["42.86","0.005391","1"],["42.85","11.421871","6"],["42.83","0.00101","1"],["42.82","0.007744","1"],["42.81","0.45","1"],["42.8","32.977721","5"],["42.79","0.14584","2"],["42.78","0.142446","2"],["42.77","2.674002","1"],["42.76","0.024144","1"],["42.75","10.292094","3"],["42.73","54","1"],["42.72","2.701896","2"],["42.7","30.1","4"],["42.69","0.004845","1"],["42.68","3.5","1"],["42.67","0.00101","1"],["42.65","15.650974","4"],["42.64","0.052896","4"],["42.63","0.076535","2"],["42.6","114.155268","8"],["42.59","0.008754","2"],["42.58","15.554431","2"],["42.56","234.054295","2"],["42.55","20","3"],["42.54","0.45","1"],["42.53","11.925596","2"],["42.51","35.087491","2"],["42.5","640.750247","15"],["42.49","0.024008","1"],["42.48","0.292094","1"],["42.47","2.693479","1"],["42.46","0.406464","2"],["42.45","10","2"],["42.43","54","1"],["42.42","10.706778","2"],["42.41","0.004845","1"],["42.4","20.4","3"],["42.39","0.118996","1"],["42.38","2.267386","3"],["42.37","0.052378","1"],["42.36","0.040512","2"],["42.35","10.00101","3"],["42.34","0.455362","2"],["42.3","12.370255","6"],["42.28","579.386942","3"],["42.27","0.45","1"],["42.26","33.741435","4"],["42.25","10.025154","4"],["42.23","0.01","1"],["42.22","8.984056","3"],["42.2","35.43167","7"],["42.18","100","1"],["42.16","2.713098","1"],["42.15","14.744958","3"],["42.14","1.151925","5"],["42.13","54.716539","3"],["42.12","17.542448","2"],["42.11","1000.053388","3"],["42.1","152.290092","6"],["42.09","1.113938","2"],["42.08","0.607142","3"],["42.05","10","2"],["42.04","0.38971","2"],["42.01","737.442627","2"],["42","2801.818688","50"],["41.99","27.96903","3"],["41.96","0.292094","1"],["41.95","15","2"],["41.94","0.033096","1"],["41.93","0.00101","1"],["41.92","0.01307","1"],["41.91","0.032085","2"],["41.9","334.641011","5"],["41.88","110.118996","3"],["41.87","0.032875","4"],["41.86","509.910569","1"],["41.85","22.790083","6"],["41.84","0.716644","1"],["41.83","0.456372","3"],["41.82","54.11","2"],["41.8","430.545079","8"],["41.76","0.243085","1"],["41.75","20.03","4"],["41.73","161.075264","4"],["41.71","0.054295","1"],["41.7","46.275798","6"],["41.68","9.985387","4"],["41.67","0.458","1"],["41.66","0.533319","2"],["41.65","10","2"],["41.63","0.144744","3"],["41.62","25.43491","3"],["41.61","51.494506","2"],["41.6","20.6","3"],["41.59","0.052378","1"],["41.57","0.460207","3"],["41.55","18.960734","7"],["41.52","54.033431","2"],["41.5","63.569496","11"],["41.49","10.007273","3"],["41.48","0.024144","1"],["41.46","0.572","2"],["41.45","10.007744","3"],["41.44","0.292094","1"],["41.42","0.97089","2"],["41.4","20.60101","4"],["41.39","0.00101","1"],["41.38","0.05843","2"],["41.37","0.118996","1"],["41.35","10","2"],["41.34","0.11","1"],["41.33","0.07706","2"],["41.31","0.455362","2"],["41.3","11.3","3"],["41.29","0.05914","2"],["41.26","0.726648","1"],["41.25","12.772817","3"],["41.24","0.033658","1"],["41.22","0.031888","2"],["41.21","54.364","2"],["41.2","152.171599","7"],["41.19","0.46408","3"],["41.18","0.292094","1"],["41.16","2","1"],["41.15","63.510713","4"],["41.14","0.243085","1"],["41.13","0.025034","1"],["41.12","0.118996","1"],["41.11","0.007273","2"],["41.1","6.196893","4"],["41.08","10","1"],["41.07","1.160925","2"],["41.06","0.449971","1"],["41.05","5.020391","3"],["41.02","0.00101","1"],["41.01","162.104845","2"],["41","821.443466","27"],["40.99","0.007744","1"],["40.98","0.732712","2"],["40.96","0.024144","1"],["40.95","12.793013","3"],["40.93","1.017093","2"],["40.92","0.45","1"],["40.91","54.293104","3"],["40.9","22.23","3"],["40.89","0.025184","1"],["40.86","0.283291","3"],["40.85","10","2"],["40.83","0.01307","1"],["40.82","0.124185","1"],["40.8","21.302349","5"],["40.79","0.005391","1"],["40.77","3.007744","2"],["40.76","0.00101","1"],["40.75","10","2"],["40.73","0.012118","3"],["40.72","21","1"],["40.71","0.97089","2"],["40.7","11.947214","5"],["40.69","0.736792","1"],["40.68","2.171377","1"],["40.67","0.12301","2"],["40.66","2.813357","1"],["40.65","15.767428","6"],["40.64","2","1"],["40.61","0.118996","1"],["40.6","79.8","5"],["40.56","0.016","1"],["40.55","15.00101","4"],["40.54","0.515484","4"],["40.52","0.243085","1"],["40.51","120.809873","1"],["40.5","128.032428","11"],["40.49","3.500645","1"],["40.47","0.062489","2"]],"timestamp":"2020-06-02T23:14:31.817Z","checksum":-2048639743}]} 
03.06.2020 02:14:31 okex: {"event":"subscribe","channel":"spot/depth:EOS-USDT"} 
03.06.2020 02:14:31 okex: {"table":"spot/depth","action":"partial","data":[{"instrument_id":"EOS-USDT","asks":[["2.657","7545.0749","17"],["2.658","6187.8496","25"],["2.659","12419.3062","35"],["2.66","11597.8449","24"],["2.661","10495.2334","16"],["2.662","6025.7517","13"],["2.663","9702.4836","11"],["2.664","3152.365","8"],["2.665","10345.808","15"],["2.666","21788.5568","6"],["2.667","5557.9604","6"],["2.668","57.9732","3"],["2.669","3039.6182","4"],["2.67","948.4074","5"],["2.671","497.4611","6"],["2.672","3763.4352","1"],["2.673","45.5979","4"],["2.674","7929.3185","4"],["2.675","0.5322","2"],["2.676","139.4184","7"],["2.677","51","3"],["2.678","3889.365","3"],["2.679","26.5689","5"],["2.68","7650.2969","4"],["2.681","490.9831","4"],["2.682","35.3095","4"],["2.683","4184.718","7"],["2.684","496.5481","3"],["2.685","287.2722","4"],["2.686","23.8","3"],["2.687","464.2519","3"],["2.688","955.4954","3"],["2.689","21.5283","2"],["2.69","40.5322","4"],["2.691","59.5","3"],["2.692","23.0982","6"],["2.693","977.3766","3"],["2.694","42.3742","9"],["2.695","1856.2959","3"],["2.696","4050.1198","2"],["2.697","29.4852","4"],["2.698","29.2839","3"],["2.699","55.4125","2"],["2.7","1600.1169","11"],["2.701","27.22","3"],["2.702","531.4082","4"],["2.703","250.12","3"],["2.704","26.9429","5"],["2.705","28.0168","5"],["2.706","0.2396","2"],["2.707","26.8729","8"],["2.708","86.4684","4"],["2.709","0.2997","2"],["2.71","5638.9531","10"],["2.711","46.2396","5"],["2.712","4172.9465","4"],["2.713","279.2139","7"],["2.714","493.3796","7"],["2.715","32.5952","1"],["2.716","144.5175","4"],["2.717","235.1341","2"],["2.718","1.8196","3"],["2.719","25","1"],["2.72","9922.7304","9"],["2.721","2.2635","2"],["2.722","108.172","5"],["2.723","21.1842","2"],["2.724","16.0045","5"],["2.725","604.9934","4"],["2.726","23.6143","10"],["2.727","123.6587","3"],["2.728","90.801","4"],["2.729","381.9323","3"],["2.73","412.977","3"],["2.731","26","2"],["2.732","222.9684","4"],["2.733","5330","1"],["2.734","50.1109","4"],["2.735","21.5322","3"],["2.736","1.8665","2"],["2.737","28.8642","3"],["2.738","21.2852","3"],["2.739","1929.797","6"],["2.74","112.1153","5"],["2.741","30.733","6"],["2.742","140.9821","4"],["2.743","35.3378","4"],["2.744","131.8112","4"],["2.745","0.5","1"],["2.746","229.6376","4"],["2.747","23.1","2"],["2.748","65","1"],["2.749","52.6857","3"],["2.75","8889.763","18"],["2.751","24.6842","2"],["2.753","0.2852","2"],["2.754","21","1"],["2.755","60.7115","4"],["2.756","18.196","3"],["2.757","24.9492","8"],["2.758","0.4708","2"],["2.76","872.5631","8"],["2.761","109.1783","2"],["2.763","62.8085","5"],["2.764","3.9842","2"],["2.765","1.2034","4"],["2.766","21.5","2"],["2.767","51.4247","4"],["2.768","65","1"],["2.769","4021.2852","4"],["2.77","119.8714","4"],["2.771","1.2497","2"],["2.772","21","1"],["2.773","2451.9113","7"],["2.775","600.7079","4"],["2.776","2.0138","1"],["2.777","10315.3227","3"],["2.778","2156.7245","8"],["2.779","1266.6462","3"],["2.78","9921.1605","8"],["2.781","59.2175","3"],["2.782","13","1"],["2.783","4009.7085","2"],["2.784","30.4493","5"],["2.785","10.4912","2"],["2.787","21.5","2"],["2.788","464.18","3"],["2.789","4.0689","5"],["2.79","41","3"],["2.792","10.6807","4"],["2.793","23.28","3"],["2.794","0.313","1"],["2.795","18.1779","5"],["2.796","48.8059","3"],["2.797","1.5283","2"],["2.798","24.5","1"],["2.799","1091.7906","4"],["2.8","2582.4372","16"],["2.802","25","1"],["2.803","0.101","1"],["2.804","11.2774","5"],["2.805","38.6842","3"],["2.806","82.4547","3"],["2.807","48.857","4"],["2.808","65.5","2"],["2.809","2.1","1"],["2.81","378.5922","8"],["2.811","23.0438","2"],["2.812","64.9945","3"],["2.813","8.1641","1"],["2.814","72.9706","4"],["2.815","98.5793","6"],["2.816","0.4912","1"],["2.817","45.2686","3"],["2.818","176.8859","1"],["2.819","28.2852","3"],["2.82","10420.8101","14"],["2.821","0.48","2"],["2.822","25.2497","2"],["2.823","25.8135","3"],["2.824","11.8085","2"],["2.825","644.2508","7"],["2.826","0.4912","1"],["2.827","274.8675","1"],["2.828","127.6957","6"],["2.829","0.813","2"],["2.83","196.5213","8"],["2.831","193.4106","4"],["2.832","6937.698","4"],["2.833","161.7701","3"],["2.834","506.5246","4"],["2.835","810.3145","4"],["2.836","15.6323","7"],["2.837","17.6418","1"],["2.838","52.5562","2"],["2.84","94.5879","7"],["2.841","24.5","1"],["2.842","8.1641","1"],["2.843","42.6041","2"],["2.844","9.7085","1"],["2.845","1446.9782","4"],["2.846","21.8617","4"],["2.847","12.961","2"],["2.848","90","2"],["2.849","30.9675","4"],["2.85","22359.9887","19"],["2.851","40.0972","7"],["2.852","37.0604","4"],["2.853","25","1"],["2.855","47.8039","7"],["2.856","125.8624","4"],["2.857","5.9758","2"],["2.858","567.1825","2"],["2.859","750.2238","2"],["2.86","2827.3172","6"],["2.861","61.7992","3"],["2.862","26.0665","2"],["2.863","32.5249","5"],["2.864","0.101","1"],["2.865","19.7085","2"],["2.866","25","1"],["2.867","2.0601","5"],["2.868","90","2"],["2.869","2.4349","2"],["2.87","1623.6976","7"],["2.871","42.9445","5"],["2.872","654.4636","2"],["2.873","38.6842","3"],["2.875","590.5048","3"],["2.876","26.101","3"],["2.877","0.7912","2"],["2.878","0.18","1"],["2.879","30.754","4"],["2.88","5468.5426","12"],["2.881","31.9427","2"],["2.883","26.0689","5"],["2.884","36.8811","3"],["2.885","38.4048","6"],["2.886","40.7842","4"],["2.887","3.0333","3"],["2.888","3803.4405","4"],["2.889","2026","3"],["2.89","2409.1883","6"],["2.891","25","1"],["2.892","3529.601","3"],["2.893","13.3884","2"],["2.894","50.101","3"],["2.895","264.7939","4"],["2.896","35.3557","3"],["2.897","1.0539","3"],["2.898","7.1969","2"],["2.899","614.3868","13"],["2.9","22692.8557","70"],["2.901","213.0557","4"],["2.902","169.4297","4"],["2.903","3300","2"],["2.904","30.8261","5"],["2.905","1031.0325","8"],["2.906","0.18","1"],["2.907","525.101","3"],["2.908","102.1894","3"],["2.909","25.101","2"],["2.91","827.6464","11"],["2.912","462.2536","4"],["2.913","0.5","1"],["2.914","48.8468","9"],["2.915","22.6518","7"],["2.916","16.2119","2"],["2.917","3027.1","3"],["2.918","5.1305","3"],["2.919","38","2"],["2.92","1890.8688","9"],["2.921","0.1197","1"],["2.922","178.0408","4"],["2.923","321.0733","5"],["2.924","13.1199","2"],["2.925","715.8143","7"],["2.926","24.5","1"],["2.927","86.6842","3"],["2.928","65.8992","5"],["2.929","11.323","3"],["2.93","465.2451","20"],["2.931","3005.2685","5"],["2.932","87.1","3"],["2.933","1.4514","3"],["2.934","1.0995","4"],["2.935","105.9609","5"],["2.936","3","2"],["2.937","36.58","4"],["2.938","38.3344","5"],["2.939","20.0449","4"],["2.94","864.0029","6"],["2.941","4.3321","3"],["2.942","26","2"],["2.943","10.2977","3"],["2.944","5.4846","1"],["2.945","3553.4055","8"],["2.946","11.3971","6"],["2.947","49.5","2"],["2.948","80.8409","5"],["2.95","6080.7468","39"],["2.951","1.2119","1"],["2.952","2133","3"],["2.953","35.4466","4"],["2.954","17.6557","3"],["2.955","134.1932","8"],["2.957","8.1641","1"],["2.958","55.1944","3"],["2.959","15.0195","4"],["2.96","3144.5322","10"],["2.961","21.585","1"],["2.962","2.0489","6"],["2.963","1319.3525","4"],["2.964","27.5562","1"],["2.965","558.8401","7"],["2.966","10.0215","2"],["2.967","189.9587","2"],["2.968","518.6925","9"],["2.969","34.7922","4"],["2.97","252","6"],["2.972","307.9312","2"],["2.973","25.2497","2"],["2.974","3000","1"],["2.975","589.537","5"],["2.976","25.5","2"],["2.977","12.3607","7"],["2.978","70.7368","3"],["2.979","2.4912","2"],["2.98","2762.5377","17"],["2.981","29.6842","3"],["2.982","39.6822","1"],["2.983","139.1039","3"],["2.984","0.101","1"],["2.985","35","6"],["2.986","45.5845","5"],["2.987","7.0511","2"],["2.988","3219","4"],["2.989","0.4912","1"],["2.99","6583.4481","32"],["2.991","25.1444","2"],["2.993","26.5689","5"],["2.994","22.6961","3"],["2.995","24.2414","5"],["2.996","25","1"],["2.997","110.2094","2"],["2.998","2046.0704","8"],["2.999","1779.8076","10"],["3","35410.5663","142"],["3.001","69.8623","3"],["3.002","3010.1684","3"],["3.004","30.1834","3"],["3.005","11.5322","4"],["3.006","52.5562","2"],["3.007","9.7085","1"],["3.008","66","2"],["3.009","39.7443","9"],["3.01","1260.4001","5"],["3.011","69.1109","5"],["3.012","643.2438","3"],["3.013","2030.5283","3"],["3.014","25","1"],["3.015","31.1285","5"],["3.016","3025","2"],["3.018","0.98","3"],["3.019","25","1"],["3.02","214.2299","7"],["3.021","26","2"],["3.024","36.8186","7"],["3.025","13.1","3"],["3.026","25.1684","2"],["3.027","34.7085","2"],["3.028","69.899","2"],["3.029","34.3629","3"],["3.03","3047.1641","6"],["3.031","0.6727","2"],["3.032","38","2"],["3.033","24.5","1"],["3.034","26.313","3"],["3.035","11.5322","4"],["3.037","25","1"],["3.039","25.5","2"],["3.04","2131.3513","8"],["3.041","0.3421","1"],["3.042","25","1"],["3.044","33.1641","2"],["3.045","13","3"],["3.046","10","1"],["3.047","63.7447","6"],["3.048","114.6982","3"],["3.049","0.778","2"],["3.05","1779.1469","16"],["3.051","0.3128","2"],["3.054","26.5138","2"],["3.055","13.1","3"],["3.056","5.5404","5"],["3.058","8.1641","1"],["3.059","1","1"],["3.06","281.4863","7"],["3.065","73.9697","5"],["3.067","0.5283","1"],["3.068","153.0215","4"],["3.07","548.7633","3"],["3.071","3.8109","3"],["3.072","1.5689","4"],["3.073","9.1641","2"],["3.074","0.2497","1"],["3.075","37.6684","5"],["3.078","5766.221","2"],["3.079","173.4367","2"],["3.08","17387.6707","9"],["3.081","5.377","2"],["3.082","514.5","3"],["3.083","50","1"],["3.085","16.5283","4"],["3.086","69.116","3"],["3.087","22.733","7"],["3.088","827.4111","4"],["3.089","427.5562","2"],["3.09","2813.8997","6"],["3.091","12.1444","3"]],"bids":[["2.656","0.8008","1"],["2.655","3266.0963","10"],["2.654","2634.5403","21"],["2.653","10225.5813","30"],["2.652","7616.9958","20"],["2.651","8923.1148","16"],["2.65","9374.4649","24"],["2.649","4721.6645","11"],["2.648","5850.2282","12"],["2.647","6777.826","17"],["2.646","2603.6907","11"],["2.645","4206.1374","6"],["2.644","1476.5082","6"],["2.643","61","3"],["2.642","67.0255","4"],["2.641","18342.7085","5"],["2.64","4594.7314","8"],["2.639","4019.4534","6"],["2.638","1283.8451","2"],["2.637","5003.9375","5"],["2.636","898.1515","3"],["2.635","3831.112","4"],["2.634","147.1404","5"],["2.633","6546.63","5"],["2.632","8261.8072","5"],["2.631","34.4132","9"],["2.63","1267.4251","9"],["2.629","853.2404","4"],["2.628","859.5961","5"],["2.627","211.929","3"],["2.626","45.8623","3"],["2.625","754.1848","7"],["2.624","428.2897","3"],["2.623","43.2386","5"],["2.622","657.9632","6"],["2.621","13264.7085","8"],["2.62","808534.7725","9"],["2.619","31.9846","4"],["2.618","303.3","4"],["2.617","61.7402","5"],["2.616","23.1011","7"],["2.615","63.239","2"],["2.613","81.7","5"],["2.612","139.85","2"],["2.611","1.5665","1"],["2.61","1386.5882","11"],["2.609","308.2666","5"],["2.608","65","1"],["2.607","30.9781","2"],["2.606","272.886","7"],["2.605","61","4"],["2.604","46.5456","2"],["2.603","461.3186","6"],["2.602","108.5026","11"],["2.601","3732.8687","8"],["2.6","40442.4176","52"],["2.599","1283.8368","2"],["2.598","1530.0173","3"],["2.597","41","2"],["2.596","212.568","6"],["2.595","290.2017","2"],["2.594","5648","2"],["2.593","45","2"],["2.592","6.0948","3"],["2.591","21","1"],["2.59","3560.0058","12"],["2.589","22.2196","3"],["2.588","21","1"],["2.587","540.9865","4"],["2.586","682.7955","4"],["2.585","541","3"],["2.584","5349.1951","4"],["2.583","1358.4215","1"],["2.582","188.6661","4"],["2.581","2372.6152","7"],["2.58","3829.4937","27"],["2.579","12761.1948","4"],["2.578","236.8414","6"],["2.577","25.1669","3"],["2.576","24.101","3"],["2.575","4308.3524","8"],["2.574","253","2"],["2.573","71","3"],["2.572","38","4"],["2.571","107.3486","7"],["2.57","7269.0533","15"],["2.569","71.4847","8"],["2.568","280.913","10"],["2.567","25.7603","4"],["2.566","131","4"],["2.565","1448.7516","5"],["2.564","105.7219","5"],["2.563","53.0283","4"],["2.562","47.126","4"],["2.561","48.4448","7"],["2.56","8579.5399","20"],["2.559","3","1"],["2.558","264.7583","5"],["2.557","45","2"],["2.556","1124.8085","6"],["2.555","6777.5458","6"],["2.554","43.3499","6"],["2.553","3884.5182","11"],["2.552","221.4333","5"],["2.551","4220.416","5"],["2.55","19955.4387","36"],["2.549","105.6632","2"],["2.548","1544.0811","5"],["2.547","480.6139","4"],["2.546","4.3129","3"],["2.545","76.943","5"],["2.544","28.2497","3"],["2.542","45.5","2"],["2.541","45.5322","4"],["2.54","1335.9673","12"],["2.539","568.5481","4"],["2.538","137.4332","6"],["2.537","21.5689","5"],["2.536","198.8339","5"],["2.535","38.5103","5"],["2.534","1738.5467","2"],["2.533","243.4477","3"],["2.532","1214.7746","6"],["2.531","299.3856","4"],["2.53","9227.5516","13"],["2.529","194.0414","7"],["2.528","1607.9757","6"],["2.527","143.8048","5"],["2.526","3646.1663","10"],["2.525","1136.6251","8"],["2.524","23","2"],["2.523","27.1842","3"],["2.522","5.101","3"],["2.521","629.3717","9"],["2.52","7356.5787","20"],["2.519","13.8648","4"],["2.518","321.3598","6"],["2.517","52","5"],["2.516","90.181","7"],["2.515","38.9523","6"],["2.514","34.5855","7"],["2.513","27","4"],["2.512","1180.4985","9"],["2.511","209.7168","9"],["2.51","2926.7474","17"],["2.509","2045.5283","6"],["2.508","752","8"],["2.507","7.9694","5"],["2.506","1047.0288","8"],["2.505","57.984","5"],["2.504","37.4645","3"],["2.503","1210.1029","3"],["2.502","27","2"],["2.501","194.8282","7"],["2.5","39372.3764","107"],["2.499","48.2383","5"],["2.498","314.8308","6"],["2.497","15.9","2"],["2.496","24.4063","5"],["2.495","58.016","5"],["2.494","19.297","1"],["2.493","25.9805","8"],["2.492","51.5702","6"],["2.491","19.6493","3"],["2.49","1654.8907","14"],["2.489","63.2388","6"],["2.488","333.6577","4"],["2.487","19.8038","4"],["2.486","104.0436","7"],["2.485","101.3243","7"],["2.484","90.567","3"],["2.483","57.412","4"],["2.482","1591.2533","3"],["2.481","21.1583","5"],["2.48","3062.7944","18"],["2.479","28.7006","4"],["2.478","38.038","4"],["2.477","49.544","3"],["2.476","20.1071","5"],["2.475","596.6996","3"],["2.474","59.2089","8"],["2.473","1703.5447","3"],["2.472","20.61","3"],["2.471","55.759","3"],["2.47","16273.5826","16"],["2.469","21.3672","2"],["2.468","131.8365","8"],["2.467","24.4687","3"],["2.466","1866.4632","5"],["2.465","790.4163","7"],["2.464","488.473","2"],["2.463","21.7774","2"],["2.462","83.5072","4"],["2.461","8042.1196","7"],["2.46","12065.7519","17"],["2.459","66.5212","5"],["2.458","23.5463","7"],["2.457","1031.6421","7"],["2.456","56.8971","5"],["2.455","31.0129","7"],["2.454","21.5324","4"],["2.453","240.2002","4"],["2.452","15.1161","3"],["2.451","21.109","5"],["2.45","15418.4888","51"],["2.449","77.0522","3"],["2.448","69.0902","4"],["2.447","2.239","2"],["2.446","25.8692","2"],["2.445","36.7246","6"],["2.444","1221.4751","3"],["2.443","20.9881","9"],["2.442","261.491","2"],["2.441","32.7299","3"],["2.44","523.9085","10"],["2.439","20.7902","4"],["2.438","58.8999","9"],["2.437","23.0783","2"],["2.436","297.9809","5"],["2.435","986.7978","8"],["2.434","41.068","1"],["2.432","46.943","1"],["2.431","69.599","3"],["2.43","5368.7311","19"],["2.429","21.2436","2"],["2.428","339.0613","5"],["2.427","4.1679","5"],["2.426","424.8177","3"],["2.425","608.0125","8"],["2.424","17.3237","4"],["2.423","3.8109","2"],["2.422","33.926","2"],["2.421","270.09","4"],["2.42","7656.0266","15"],["2.419","24.1083","2"],["2.418","3275.2132","8"],["2.417","12.204","1"],["2.416","31.234","3"],["2.415","1938.3583","7"],["2.414","38.9614","4"],["2.413","12.323","1"],["2.412","116.0362","3"],["2.411","4556.0741","9"],["2.41","12220.4109","15"],["2.409","82.1527","4"],["2.408","81.5235","5"],["2.407","1558.675","3"],["2.406","23.5691","5"],["2.405","31.3249","5"],["2.404","2.299","2"],["2.403","24.922","2"],["2.402","208.6614","5"],["2.401","816.2133","6"],["2.4","30412.1131","93"],["2.399","88.5306","6"],["2.398","24.4232","2"],["2.397","25.3077","5"],["2.396","52.7884","2"],["2.395","18.1847","7"],["2.394","83.02","1"],["2.393","32.094","4"],["2.392","0.2497","1"],["2.391","7.1823","3"],["2.39","297.3264","12"],["2.389","2.1684","2"],["2.388","145.9621","7"],["2.387","0.4912","1"],["2.385","9528.3012","6"],["2.384","0.2852","2"],["2.383","0.8413","2"],["2.381","10.317","2"],["2.38","3055.7907","23"],["2.379","85.4466","2"],["2.378","27.5562","1"],["2.377","15.2997","5"],["2.376","651.5322","5"],["2.375","199.8933","4"],["2.374","43.108","2"],["2.373","2","1"],["2.371","28.3642","3"],["2.37","807.3542","10"],["2.369","2.4842","3"],["2.368","65.101","2"],["2.367","1.2409","3"],["2.366","135.1374","4"],["2.365","11.1534","4"],["2.364","85.7299","6"],["2.362","276.8258","4"],["2.361","2.929","3"],["2.36","2001.7635","12"],["2.359","47.3133","3"],["2.358","3.6842","1"],["2.357","18.6014","3"],["2.356","2689.8906","1"],["2.355","10.9529","3"],["2.354","220.1363","1"],["2.353","1.4971","3"],["2.351","907.4631","4"],["2.35","14958.7942","26"],["2.349","0.414","2"],["2.348","68.0689","6"],["2.347","3.5139","2"],["2.346","1.5234","4"],["2.345","38.5787","2"],["2.344","4.6842","2"],["2.343","0.6804","2"],["2.342","0.2497","1"],["2.341","0.3","1"],["2.34","15.7154","7"],["2.338","0.2852","2"],["2.337","23.3572","3"],["2.336","270.8434","4"],["2.335","136.9363","3"],["2.334","16.1967","3"],["2.333","3092.9427","8"],["2.331","6.3164","4"],["2.33","3103.5469","7"],["2.329","24.5","1"],["2.328","65","1"],["2.326","1.4912","2"],["2.325","9.1022","2"],["2.323","53.6952","3"],["2.322","21.101","3"],["2.321","438.2926","1"],["2.32","348.9461","8"],["2.319","0.101","1"],["2.318","25374.6576","5"],["2.317","5.5028","6"],["2.316","13.0003","6"],["2.315","314.6169","5"],["2.314","50","1"],["2.312","43.537","2"],["2.311","19.5689","3"],["2.31","1364.9368","10"],["2.309","501.9066","2"],["2.308","73.1641","2"],["2.307","24.7852","3"],["2.306","0.4912","1"],["2.305","8.6768","1"],["2.304","0.601","2"],["2.303","3.6842","1"],["2.302","2.4603","2"],["2.301","4821.5713","13"],["2.3","48325.6748","85"],["2.299","1","1"],["2.298","1.935","1"],["2.297","0.5004","1"],["2.296","9.7085","1"],["2.295","9.2058","2"],["2.294","41.2049","3"],["2.292","0.2852","2"],["2.291","4.7814","3"],["2.29","363.3174","4"],["2.289","0.101","1"],["2.288","417.7524","6"],["2.287","2.115","2"],["2.286","38.0322","4"],["2.285","12.9128","7"],["2.284","0.3","1"],["2.283","44.299","2"],["2.282","10","1"],["2.281","0.313","1"],["2.28","2096.135","12"],["2.279","8.1641","1"],["2.277","101","2"],["2.276","17.0774","5"],["2.275","9.2824","2"],["2.274","48.6811","2"],["2.273","632.0114","1"],["2.272","36.4846","2"],["2.271","0.5322","2"],["2.27","705.4238","12"],["2.268","87.7813","2"],["2.267","0.1684","1"],["2.266","1.2497","2"],["2.265","19.5079","3"],["2.263","3.6842","1"],["2.262","0.5","1"],["2.261","0.1842","1"],["2.26","2701.4259","9"],["2.259","0.18","1"],["2.258","124.272","2"],["2.256","1.8322","4"],["2.255","147.6058","3"],["2.254","3.6689","5"],["2.253","27.5562","1"],["2.252","6.8733","3"],["2.251","931.8215","3"],["2.25","4907.5202","28"],["2.249","3.6842","1"],["2.247","0.313","1"],["2.246","8610.3301","3"],["2.245","82.5415","2"],["2.244","651","3"],["2.243","1291.9409","1"],["2.242","9.001","2"],["2.241","99.8728","5"],["2.24","640.2011","6"],["2.239","2.1","1"],["2.238","1.5689","4"]],"timestamp":"2020-06-02T23:14:31.819Z","checksum":-83042279}]} 
03.06.2020 02:14:32 okex: {"event":"subscribe","channel":"spot/depth:BTC-USDT"} 
03.06.2020 02:14:32 okex: {"table":"spot/depth","action":"partial","data":[{"instrument_id":"BTC-USDT","asks":[["9480.6","0.01135651","2"],["9481","0.00696714","3"],["9481.1","0.4","1"],["9481.2","0.40850366","3"],["9481.5","0.3","2"],["9481.7","4.714","3"],["9481.8","8.2","2"],["9481.9","0.05852051","4"],["9482","0.11844436","3"],["9482.1","4.65","1"],["9482.2","0.012","1"],["9482.4","0.14239517","1"],["9482.6","0.0030003","2"],["9482.7","0.2","1"],["9482.8","0.002","1"],["9482.9","0.16728872","2"],["9483","2.61","1"],["9483.1","0.01658494","7"],["9483.2","3.6730023","2"],["9483.3","0.41404293","3"],["9483.4","0.201","2"],["9483.5","0.0110313","1"],["9483.8","0.218","1"],["9484.1","0.045","1"],["9484.2","0.25","1"],["9484.3","0.01244849","1"],["9484.4","0.03380541","3"],["9484.5","0.05493073","1"],["9484.8","0.15","1"],["9485.3","0.072","1"],["9485.4","0.22288","3"],["9485.6","0.39273632","3"],["9485.8","0.56","2"],["9485.9","0.47167638","3"],["9486.1","1.05610834","2"],["9486.2","0.57266301","4"],["9486.4","0.09153085","1"],["9486.5","1","1"],["9486.7","0.5916908","4"],["9486.8","0.3809057","3"],["9486.9","1.53768517","2"],["9487","0.23811776","2"],["9487.1","0.21091929","1"],["9487.3","0.1","1"],["9487.4","0.66772288","3"],["9487.7","0.42188463","1"],["9487.9","0.207","1"],["9488","0.15809776","1"],["9488.1","0.2","1"],["9488.3","1.5297","2"],["9488.6","0.00527214","1"],["9488.7","0.24","1"],["9489","1.16377944","4"],["9489.1","0.16478323","1"],["9489.2","0.221304","1"],["9489.3","0.126568","1"],["9489.4","0.103477","1"],["9489.6","0.1561","2"],["9489.7","0.72912259","5"],["9489.9","0.10958447","4"],["9490","3.75808777","2"],["9490.2","0.001","1"],["9490.4","0.45241973","3"],["9490.6","0.60434192","1"],["9490.8","0.5302","2"],["9490.9","0.00210728","1"],["9491","0.15836817","1"],["9491.1","0.05498235","2"],["9491.3","0.54923202","1"],["9491.7","0.15","1"],["9491.9","0.1023","2"],["9492","0.15835814","1"],["9492.1","0.0332","1"],["9493.1","0.15950182","2"],["9493.2","2.5315","2"],["9493.4","1.20817948","4"],["9493.6","0.17095161","1"],["9494.1","0.36375254","3"],["9494.3","0.3","1"],["9494.4","0.3746","1"],["9494.9","0.3207","1"],["9495.1","0.15831301","1"],["9495.2","0.00115987","1"],["9495.3","0.105","1"],["9495.5","0.0332","1"],["9495.6","0.168675","1"],["9495.7","1.02110621","5"],["9496","0.002","1"],["9496.1","0.38929296","2"],["9496.4","0.3","1"],["9496.7","0.38","1"],["9497.1","0.45826457","2"],["9497.2","0.3","1"],["9497.8","1.054","1"],["9497.9","0.61522943","3"],["9498","0.126","1"],["9498.1","0.15824621","1"],["9498.2","0.00526681","1"],["9498.6","0.52734828","1"],["9499.1","0.15824621","1"],["9499.6","0.00452251","1"],["9500","3.25840278","6"],["9500.1","2.26767214","2"],["9500.5","0.00210515","1"],["9500.6","0.03789199","1"],["9500.7","0.0199996","1"],["9501","0.00162655","1"],["9501.1","0.15821282","1"],["9502.1","0.15818446","1"],["9502.3","0.01265118","1"],["9502.4","2.1093731","1"],["9502.5","2.53087536","1"],["9503","0.00526415","1"],["9503.1","0.15817278","1"],["9503.3","0.01148856","2"],["9503.6","0.492","1"],["9504.2","0.15815944","1"],["9504.3","0.00452027","1"],["9504.4","1.0902","2"],["9504.5","0.00115734","1"],["9504.7","0.01","1"],["9504.9","0.00515491","1"],["9505.2","0.15812776","1"],["9505.3","0.00210408","1"],["9505.5","0.002","1"],["9505.7","0.01117344","3"],["9505.9","0.03","1"],["9506","0.00116462","1"],["9506.7","0.00115848","1"],["9506.9","0.31143128","1"],["9507.6","0.018","1"],["9507.8","0.00526149","1"],["9508.3","1.53","2"],["9508.5","0.03","1"],["9508.6","0.1","3"],["9508.7","0.53304589","3"],["9509.1","0.03451802","2"],["9509.6","0.05526753","3"],["9509.8","0.03","1"],["9510","0.10385","2"],["9510.1","0.00210302","1"],["9510.2","0.309123","3"],["9510.4","0.06260039","3"],["9511.6","1.5","1"],["9511.7","0.02","1"],["9512.2","0.00102154","1"],["9512.6","0.00525884","1"],["9513","0.1","1"],["9513.4","0.03","1"],["9513.7","0.111","1"],["9513.8","0.00451577","1"],["9514.2","0.232","2"],["9514.5","0.06","2"],["9514.9","0.00210196","1"],["9515.1","0.002","1"],["9515.6","0.00244478","1"],["9516","0.00115594","1"],["9516.7","0.01102279","1"],["9516.8","0.03","1"],["9517.4","0.00525618","1"],["9517.7","0.02354599","1"],["9518.2","0.00115707","1"],["9518.3","0.01522943","1"],["9518.5","0.04668664","2"],["9518.6","10.9311","1"],["9519.2","0.05415579","2"],["9520","0.00820168","2"],["9520.4","0.103082","2"],["9520.6","0.001","1"],["9521.9","0.03","1"],["9522.2","0.00525353","1"],["9522.3","0.00162655","1"],["9522.5","2.06492388","1"],["9522.6","0.02","1"],["9523.2","2.33776063","2"],["9523.6","0.01148856","2"],["9524.2","0.00197995","1"],["9524.7","0.002","1"],["9525.1","0.00248637","1"],["9525.6","0.00507903","1"],["9527","0.00525088","1"],["9527.1","0.1656938","1"],["9527.5","0.00115455","1"],["9527.9","0.00450908","1"],["9528.8","0.05410117","2"],["9529.7","0.00115568","1"],["9530","1.4392947","3"],["9530.5","1.5","1"],["9530.6","0.309123","3"],["9531.8","0.00524824","1"],["9532.3","0.00101216","1"],["9532.6","0.00450685","1"],["9533.6","0.02","1"],["9534.3","0.002","1"],["9534.5","0.0018991","1"],["9534.7","0.011509","1"],["9534.9","0.001","1"],["9535","1.80440414","1"],["9536","0.00550251","1"],["9536.1","2.10993834","1"],["9536.6","0.00524559","1"],["9536.8","0.055","1"],["9537.4","0.00450462","1"],["9538.3","0.00303644","1"],["9538.4","0.05404667","2"],["9538.7","0.01522943","1"],["9539","0.00115316","1"],["9539.1","0.185","1"],["9539.8","2.56414834","1"],["9540","0.004","1"],["9540.8","0.102041","1"],["9541.2","0.00115428","1"],["9541.4","0.05889954","2"],["9542.2","0.00450233","1"],["9542.5","2.10637152","1"],["9543","1.388","1"],["9543.1","0.04","1"],["9543.5","0.00307275","1"],["9543.6","0.00162655","1"],["9543.9","0.01148856","2"],["9544.5","0.02","1"],["9545","0.1","1"],["9546.2","0.01576831","2"],["9547","0.00450007","1"],["9548","0.05399227","2"],["9548.4","0.02347029","1"],["9548.5","5.53894502","2"],["9548.6","0.01117661","1"],["9550","1.40201484","8"],["9550.7","0.01098353","1"],["9551","0.31436068","4"],["9551.1","0.00369673","1"],["9551.8","0.00764134","2"],["9552.4","2.18793182","1"],["9552.7","0.00115289","1"],["9553.2","0.04204166","1"],["9554","0.06072209","1"],["9554.6","0.00244478","1"],["9554.9","0.05005","1"],["9555","0.71964176","3"],["9555.5","0.02","1"],["9555.8","0.00523505","1"],["9556.6","0.00449554","1"],["9556.9","0.00348083","1"],["9557.5","0.03163106","1"],["9557.6","0.05393799","2"],["9558","0.04549553","2"],["9558.8","0.4216896","1"],["9558.9","0.01117344","3"],["9559","0.1","1"],["9559.1","0.01522943","1"],["9559.3","0.00261767","1"],["9559.7","0.00116462","1"],["9560","7.40551084","11"],["9560.2","0.012","1"],["9560.6","0.00523242","1"],["9560.7","0.02642031","2"],["9561.2","0.103641","2"],["9561.4","0.00775657","2"],["9561.6","3.5","1"],["9562.3","0.02","1"],["9562.5","0.05","1"],["9562.9","0.04","1"],["9564.2","0.01264006","3"],["9564.6","0.04204166","1"],["9564.7","0.0125","1"],["9564.8","0.00162655","1"],["9565","0.01014125","1"],["9565.2","0.00107713","1"],["9565.4","0.00522979","1"],["9565.6","0.00102154","1"],["9565.8","2.101","1"],["9565.9","4.9628585","1"],["9566","0.011","2"],["9566.2","0.01054777","1"],["9566.3","0.00449101","1"],["9566.4","0.02","1"],["9566.7","3.258","1"],["9566.8","0.08","1"],["9567","0.00306521","1"],["9567.2","0.0402585","2"],["9567.3","0.26909416","1"],["9568","0.00302946","1"],["9568.9","0.00260039","1"],["9569.5","0.00359464","1"],["9569.6","0.018","1"],["9569.8","0.00535669","2"],["9570","0.4341666","4"],["9570.2","0.00522717","1"],["9570.5","0.00999049","1"],["9570.6","0.0019","1"],["9570.9","0.005","1"],["9571","0.0211","1"],["9571.1","2.32448874","2"],["9571.4","0.31550665","5"],["9571.8","0.00197995","1"],["9572","0.31143128","1"],["9573","0.0013986","1"],["9573.4","0.00291151","1"],["9573.7","0.00248637","1"],["9575","0.00522455","1"],["9575.1","0.00105701","1"],["9575.2","0.06678287","1"],["9575.3","0.0848","1"],["9575.7","0.00115012","1"],["9575.9","0.05049649","3"],["9576.8","0.01668856","2"],["9576.9","0.00507903","1"],["9577","0.01145833","2"],["9577.4","0.02","1"],["9577.5","0.00484781","2"],["9578","0.00358663","1"],["9579","0.1","1"],["9579.2","0.02339483","1"],["9579.3","0.018","1"],["9579.4","0.012","1"],["9579.5","0.01522943","1"],["9579.8","0.00522193","1"],["9580","0.19778746","3"],["9580.5","0.01052978","1"],["9580.7","0.00448423","1"],["9581.6","0.102041","1"],["9582","0.23348327","1"],["9582.3","0.00550251","1"],["9583.3","0.00371604","1"],["9583.4","0.00435388","1"],["9584.5","0.01148856","2"],["9584.6","0.00521931","1"],["9584.8","0.01094443","1"],["9585","8.17889333","2"],["9585.2","1.061","1"],["9585.5","0.00448198","1"],["9586.1","0.00162655","1"],["9586.4","0.01566285","1"],["9586.9","0.0475","1"],["9587.3","0.00114874","1"],["9587.5","0.05370744","1"],["9587.7","0.0010015","1"],["9588","3.44452773","6"],["9588.4","0.02","1"],["9588.5","0.00154397","1"],["9589","0.118","2"],["9589.4","5.22374442","3"],["9589.8","0.002565","1"],["9590","5.74842749","2"],["9590.3","0.00447973","1"],["9590.5","0.00305769","1"],["9590.8","0.001041","1"],["9591","0.21146774","1"],["9591.1","0.00379334","1"],["9591.6","0.00101216","1"],["9591.8","0.310123","4"],["9592","0.00164237","1"],["9593.1","0.00910923","2"],["9593.2","0.1656938","1"],["9593.3","0.117","1"],["9593.4","7.74529158","1"],["9593.7","0.00244478","1"],["9594.2","0.00521409","1"],["9594.9","0.00102","1"],["9595.2","0.00447748","1"],["9595.5","0.011509","1"],["9596","0.01564716","1"],["9597.4","7.74529159","1"],["9597.9","0.087763","1"],["9598","1.11375172","2"],["9598.4","0.05","1"],["9598.9","0.00114735","1"],["9599","0.00521148","1"],["9599.3","0.02","1"],["9599.4","0.010525","1"],["9599.9","0.00109814","1"],["9600","98.34702709","34"],["9602","0.102041","1"],["9602.8","0.00161545","1"],["9603.9","0.00520887","1"],["9604.7","0.01148856","2"],["9604.8","0.00447298","1"],["9605.7","0.01563151","1"],["9606.1","0.001","1"],["9607","0.04025223","2"],["9607.4","0.00162655","1"],["9608.3","0.018","1"],["9608.8","0.00520621","1"],["9609.1","0.00495","1"],["9609.4","0.934","1"],["9609.6","0.00447075","1"],["9610","0.135","4"],["9610.1","0.0233196","1"],["9610.3","0.02","1"],["9610.5","0.00114596","1"],["9611","0.02","1"],["9612.2","0.32627172","7"],["9613.3","0.00348083","1"],["9613.4","0.00116462","1"],["9613.7","0.00520356","1"],["9614.1","0.00305019","1"],["9614.4","0.00446851","1"],["9615.4","0.03799827","1"],["9615.7","0.01117661","1"]],"bids":[["9480.5","4.28084072","6"],["9480.3","0.001","1"],["9479.9","0.025","2"],["9479.8","0.002","2"],["9479.7","0.0015","1"],["9479.6","0.016","1"],["9479.5","1.00250366","2"],["9479.4","0.015","2"],["9479.3","0.005","1"],["9479","0.00527481","1"],["9478.7","0.417","3"],["9478.6","0.0722","1"],["9478.4","0.001","1"],["9478.3","1.02549945","3"],["9478.2","1.58834322","3"],["9478.1","0.72660638","4"],["9478","0.65226216","4"],["9477.9","0.0332","1"],["9477.7","0.00507444","1"],["9477.6","0.01244849","1"],["9477.4","0.00507357","1"],["9477.3","0.42046237","3"],["9477.2","0.30130829","2"],["9477.1","0.31233727","2"],["9477","0.202","2"],["9476.9","0.01806422","1"],["9476.8","0.3732796","2"],["9476.7","0.2","1"],["9476.6","1.79851367","4"],["9476.5","1.05610941","2"],["9476.3","0.014","1"],["9476.1","0.10547271","1"],["9476","0.13297695","1"],["9475.8","1.24643101","4"],["9475.7","0.10543284","1"],["9475.6","0.62186661","2"],["9475.5","0.3","1"],["9475.4","0.07938414","1"],["9475.3","0.33102988","3"],["9475.2","0.69893675","2"],["9475.1","0.06743127","1"],["9474.9","0.22925534","2"],["9474.8","0.16121299","2"],["9474.2","0.00734994","2"],["9473.8","0.15830299","1"],["9473.7","0.09155068","1"],["9473.6","0.08103164","1"],["9473.5","0.001","1"],["9473.4","0.54448763","1"],["9473.3","0.77995571","2"],["9473","0.0307","2"],["9472.9","0.16479148","1"],["9472.8","0.15834644","1"],["9472.5","0.21179437","1"],["9472.4","0.22285726","2"],["9471.9","0.00294","1"],["9471.8","0.20053648","2"],["9471.7","2.6668669","3"],["9471.6","0.927","2"],["9471.4","0.05437421","2"],["9471.3","0.05273639","1"],["9471","3.6","1"],["9470.9","0.61190932","2"],["9470.8","0.15836315","1"],["9470.5","0.1065","1"],["9470.3","0.04116012","2"],["9470.2","0.54927742","1"],["9470","0.3","1"],["9469.7","0.15838824","1"],["9469.6","1.5","5"],["9469.5","0.4043","2"],["9469.4","0.00528016","1"],["9469.3","0.102041","1"],["9469","1.5","1"],["9468.7","0.15840496","1"],["9468.2","1.5","5"],["9467.7","0.15842839","1"],["9467.5","0.002","1"],["9466.9","0.00211155","1"],["9466.7","0.48444512","3"],["9465.9","0.01176416","1"],["9465.8","1.87795908","2"],["9465.7","0.15845684","1"],["9465.2","0.3207","1"],["9465","0.3","1"],["9464.7","0.15847693","1"],["9464.6","0.04754532","2"],["9463.7","0.17849159","2"],["9462.8","0.01148856","2"],["9462.7","0.15850204","1"],["9462.1","0.00211262","1"],["9461.9","0.05442881","2"],["9461.8","0.00452476","1"],["9461.7","0.15822117","1"],["9461.3","0.5","1"],["9461","0.20116266","2"],["9460.9","0.38","1"],["9460.7","0.15822117","1"],["9460.1","2.10933306","1"],["9459.8","0.00528552","1"],["9459.7","0.15823118","1"],["9459.3","2.53120901","1"],["9459.1","0.102041","1"],["9458.9","0.00116152","1"],["9458.6","0.15825121","1"],["9458.5","0.00162655","1"],["9458","0.002","1"],["9457.7","0.02","1"],["9457.6","2.26757318","2"],["9457.3","0.01211369","2"],["9457.1","0.01975644","2"],["9456.6","0.02362193","1"],["9456.1","0.03","1"],["9455.8","1.0812","1"],["9455.2","0.375","1"],["9455.1","1.5","1"],["9455","0.0052882","1"],["9454.3","0.5","1"],["9453.3","0.01265118","1"],["9453.2","1","1"],["9453.1","0.111","1"],["9452.7","0.02","1"],["9452.5","0.00211476","1"],["9452.4","0.08901277","4"],["9452.2","0.1","1"],["9451.8","1.5","1"],["9451.4","0.24","1"],["9451","0.02601458","1"],["9450.9","0.03","1"],["9450.3","0.23","2"],["9450.2","0.03529089","2"],["9450","1.4928883","3"],["9449.9","0.002","1"],["9449.8","0.00305537","1"],["9449.6","0.00116407","1"],["9449","0.01106222","1"],["9448.9","0.309123","3"],["9448.5","0.002","1"],["9447.7","0.00664735","2"],["9447.6","0.04202713","1"],["9447.5","0.00116292","1"],["9447","0.03","1"],["9446.7","0.05594134","1"],["9445.4","0.00529358","1"],["9445","0.03","1"],["9444.1","0.00348083","1"],["9443.8","0.03","1"],["9443.5","0.00550251","1"],["9443","0.00453377","1"],["9442.9","0.05665523","3"],["9442.5","0.07148856","4"],["9441.8","0.02","1"],["9441.6","0.042173","1"],["9441.5","12.1851","3"],["9441.3","0.05569","1"],["9441.1","0.03","1"],["9440.7","0.01058665","1"],["9440.1","0.14012945","1"],["9440","0.02648306","1"],["9439.5","0.0019163","1"],["9439","0.002","1"],["9438.7","0.102041","1"],["9438.3","0.00453602","1"],["9438.2","0.00116547","1"],["9438.1","0.00211799","1"],["9437.9","2.38433729","2"],["9437.5","0.00244478","1"],["9437.2","0.00162655","1"],["9436.8","0.00109242","1"],["9436.7","0.01522943","1"],["9436.2","0.04202713","1"],["9436.1","0.00116432","1"],["9434.2","0.06","2"],["9433.9","2.39230329","1"],["9433.6","0.00453828","1"],["9433.5","0.39879656","1"],["9433.4","0.05459324","2"],["9433.3","0.00211907","1"],["9431.6","0.02012601","1"],["9431.5","0.055","1"],["9430.8","0.02","1"],["9430","0.30728236","1"],["9429.5","0.002","1"],["9429.1","0.00197995","1"],["9428.9","0.00454055","1"],["9428.8","0.007307","1"],["9428.5","0.31762679","6"],["9428","2.29693808","2"],["9426.8","0.00116688","1"],["9426.2","0.02369811","1"],["9424.7","0.00116573","1"],["9424.5","0.1175578","1"],["9424.3","1.5","1"],["9424.2","0.00454281","1"],["9423.9","0.03873131","1"],["9423.7","0.00212122","1"],["9423","0.02407903","2"],["9422.2","0.01148856","2"],["9422.1","2.11029453","1"],["9420.5","0.00306487","1"],["9420.3","0.174","1"],["9420","0.35318927","6"],["9419.9","0.02","1"],["9419.8","2.13379861","1"],["9419.7","0.027","1"],["9419.5","0.00454508","1"],["9419","0.009","1"],["9418.9","0.0021223","1"],["9418.8","0.04435","2"],["9418.3","0.102041","1"],["9416.8","0.00166666","1"],["9416.6","0.00371604","1"],["9416.4","0.019","1"],["9416.3","0.01522943","1"],["9415.9","0.00373752","2"],["9415.5","0.0716","1"],["9415.4","0.0111017","1"],["9415.1","2.21983834","1"],["9415","0.2224368","3"],["9414.8","0.00454735","1"],["9414.5","0.01117661","1"],["9414.4","0.03877039","1"],["9414.1","0.00212339","1"],["9414","0.002","1"],["9413.8","0.00101216","1"],["9413.4","0.00116714","1"],["9413","0.013961","2"],["9412","0.01","1"],["9411.4","0.027","1"],["9410.7","0.01062434","1"],["9410.2","0.0318803","1"],["9410.1","0.00454962","1"],["9410","0.10567407","4"],["9409.7","0.009","1"],["9409.4","0.01001719","1"],["9409.3","0.00212447","1"],["9408.9","0.02","1"],["9408.1","0.309123","3"],["9407.7","1.66808351","1"],["9405.4","0.00755189","2"],["9405.3","0.00102154","1"],["9405","0.24231147","1"],["9404.9","0.05980955","2"],["9404.5","0.00212555","1"],["9403","0.001","1"],["9402.7","0.62517531","1"],["9402.3","0.001","1"],["9402.1","0.00116854","1"],["9402","0.01148856","2"],["9401.7","0.027","1"],["9400.7","0.00455417","1"],["9400.5","3.49985983","1"],["9400.3","0.009","1"],["9400.1","0.01","1"],["9400","13.48225385","45"],["9399.9","0.00101","1"],["9399.8","0.00212664","1"],["9399.5","0.06678287","1"],["9399.2","0.01117344","3"],["9398.7","0.21468656","1"],["9398.6","0.00116462","1"],["9398.4","0.00244478","1"],["9398.3","0.01757878","1"],["9397.9","0.122041","2"],["9397.7","0.00161694","1"],["9397.3","0.00550251","1"],["9396.8","0.63228819","2"],["9396","0.00455644","1"],["9395.9","2.03900397","3"],["9395.4","0.03884879","1"],["9395.2","2.139","1"],["9395.1","0.0021277","1"],["9395","1.5","1"],["9394.9","0.1656938","1"],["9394.6","0.00162655","1"],["9394.5","0.00260039","1"],["9392.9","0.06055167","2"],["9391.3","0.00763312","2"],["9391.1","1.67103205","1"],["9391","0.0454","1"],["9390.9","2.32","1"],["9390.8","0.00116995","1"],["9390.4","0.00212876","1"],["9390","0.301256","3"],["9389","0.029","2"],["9388.8","0.00317811","2"],["9388.7","0.0015","1"],["9388.5","0.0143055","1"],["9388.4","0.03764562","2"],["9388","2.66568884","1"],["9387.7","0.31173845","5"],["9387.6","0.00348083","1"],["9387","0.02","1"],["9386.6","0.00456101","1"],["9386.1","0.004","1"],["9386","0.0388877","1"],["9385.7","0.00313983","2"],["9385","1","1"],["9384.8","0.00439971","1"],["9382.5","0.00532905","1"],["9381.9","0.01570463","2"],["9381.7","0.01148856","2"],["9381.5","0.00197995","1"],["9381","0.0021309","1"],["9380","1.63731364","9"],["9379.7","0.009","1"],["9379.6","0.00820101","1"],["9379.5","0.00117135","1"],["9379.4","0.00248637","1"],["9378.9","0.055","1"],["9378.5","0.00105701","1"],["9377.9","0.616555","1"],["9377.6","0.0018","1"],["9377.5","0.103541","2"],["9377.2","0.00456558","1"],["9377.1","0.027","1"],["9376.7","0.31143128","1"],["9376.6","0.0018","1"],["9376.3","0.00213196","1"],["9376","0.02","1"],["9375.8","0.001","1"],["9375.5","0.01522943","1"],["9375","0.00101","1"],["9373.9","0.03","1"],["9373.6","0.04109242","2"],["9373.4","0.00162655","1"],["9372.9","0.53","1"],["9372.5","0.00456787","1"],["9371.7","0.00507903","1"],["9371.6","0.00213303","1"],["9371.4","0.027","1"],["9371","0.0105","1"],["9370.5","0.01766225","1"],["9370.4","0.01","2"],["9370","0.4","3"],["9369.7","0.00321776","1"],["9369.5","0.49998185","2"],["9369.3","0.00291151","1"],["9368.2","0.01553695","2"],["9368","0.0093085","2"],["9367.9","0.01754015","1"],["9367.8","0.00457016","1"],["9367.3","0.31509828","4"],["9366.9","0.02226011","2"],["9366.3","0.0015","1"],["9365.7","0.0238512","1"],["9365.5","0.00314354","1"],["9365.1","0.02","1"],["9363.7","4.011","1"],["9363.4","0.003419","1"],["9363.1","0.00457245","1"],["9362.6","0.03","1"],["9362.5","0.05370744","1"],["9362.4","0.027","1"],["9362.2","0.00521913","2"],["9362","0.189","1"],["9361.4","0.01148856","2"],["9361.1","0.009","1"],["9360.8","0.98866171","1"],["9360","1.36005442","6"],["9359.7","5.3061","1"],["9359.3","0.00244478","1"],["9359","0.00101","1"],["9358.9","0.1","1"],["9358.4","0.00457475","1"],["9358.1","0.027","1"],["9357.7","0.04","1"],["9357.5","0.03740207","2"],["9357.4","0.001","1"],["9357.1","0.10842465","3"],["9356.9","0.00117418","1"],["9355.1","0.01672943","2"],["9355","0.91468415","2"],["9354.5","0.00101216","1"],["9354.1","0.02","1"],["9353.7","0.00457705","1"],["9353","0.01","1"],["9352.8","0.00427464","2"],["9352.2","0.011509","1"],["9352.1","0.00162655","1"],["9352","0.03943497","1"],["9351.8","0.00102154","1"],["9351","0.82041161","3"],["9350.1","0.13114087","2"],["9350","11.20728432","20"],["9349","0.00457935","1"],["9348.5","0.01118115","1"],["9348.1","0.00427678","2"],["9348","0.003","1"],["9347.4","0.01117661","1"],["9346.9","0.310133","4"],["9346.8","0.027","1"],["9346","0.01117344","3"],["9345.6","0.0011756","1"],["9345","0.20116462","2"],["9344.3","0.00458165","1"],["9343.8","0.0015","1"],["9343.4","0.00427894","2"],["9343.2","0.02","1"],["9341.1","0.01148856","2"]],"timestamp":"2020-06-02T23:14:31.813Z","checksum":-864782788}]} 
03.06.2020 02:14:32 okex: {"event":"subscribe","channel":"spot/depth:ONT-USDT"} 
03.06.2020 02:14:32 okex: {"table":"spot/depth","action":"partial","data":[{"instrument_id":"ONT-USDT","asks":[["0.5882","3962.055","2"],["0.5883","4473.987","1"],["0.5884","2697.665","1"],["0.5886","4631.088","2"],["0.5887","6304.246","4"],["0.5888","2696.426","1"],["0.5889","6617.342","2"],["0.5893","777","2"],["0.5894","553","2"],["0.5898","259","3"],["0.5899","1953","1"],["0.59","221","2"],["0.5901","3917.6","2"],["0.5903","125","1"],["0.5907","106","1"],["0.5909","20475","1"],["0.5929","1530.915","1"],["0.5933","42.56","1"],["0.5938","530.8","1"],["0.5946","10.5","1"],["0.5953","1.3","1"],["0.5985","10.5","1"],["0.5999","0.786","1"],["0.6","16567.994","1"],["0.6017","1.3","1"],["0.6024","10.5","1"],["0.6029","19.171","1"],["0.6064","10.5","1"],["0.6071","0.786","1"],["0.6079","3562.33","2"],["0.6081","1.3","1"],["0.61","10277","2"],["0.6103","10.5","1"],["0.6105","3.136","1"],["0.6116","19.171","1"],["0.6126","4094","1"],["0.6142","11.286","2"],["0.6145","1.3","1"],["0.6182","10.5","1"],["0.62","238.119","1"],["0.6203","19.171","1"],["0.6209","1.3","1"],["0.6214","0.786","1"],["0.6221","10.5","1"],["0.6248","308.852","1"],["0.626","10.5","1"],["0.6263","3.136","1"],["0.6273","1.3","1"],["0.6285","0.786","1"],["0.6289","19.171","1"],["0.6299","10.5","1"],["0.6337","1.3","1"],["0.6339","10.5","1"],["0.6348","506.171","2"],["0.635","500","1"],["0.6357","0.786","1"],["0.6376","19.171","1"],["0.6378","10.5","1"],["0.64","459.866","3"],["0.6401","1.3","1"],["0.6417","10.5","1"],["0.6421","3.136","1"],["0.6428","0.786","1"],["0.645","500","1"],["0.6457","10.5","1"],["0.6463","19.171","1"],["0.6465","1.3","1"],["0.6496","6629.669","2"],["0.6499","0.786","1"],["0.65","767.648","7"],["0.6528","50","1"],["0.6529","1.3","1"],["0.653","50.727","1"],["0.6535","10.5","1"],["0.6549","19.171","1"],["0.655","748.05","2"],["0.6571","0.786","1"],["0.6574","10.5","1"],["0.6578","3.136","1"],["0.6593","1.3","1"],["0.66","0.7","2"],["0.6614","10.5","1"],["0.6636","19.171","1"],["0.6642","0.786","1"],["0.6653","10.5","1"],["0.6657","1.3","1"],["0.666","67","1"],["0.6692","10.5","1"],["0.6714","0.786","1"],["0.6721","1.3","1"],["0.6723","19.171","1"],["0.6732","10.5","1"],["0.6736","3.136","1"],["0.6746","2.32","1"],["0.677","60.264","1"],["0.6771","10.5","1"],["0.6785","2.086","2"],["0.68","2154.471","4"],["0.681","29.671","2"],["0.6849","1.3","1"],["0.685","10.5","1"],["0.6857","0.786","1"],["0.689","317","1"],["0.6894","3.136","1"],["0.6896","19.171","1"],["0.6913","1.3","1"],["0.6928","0.786","1"],["0.6978","1.3","1"],["0.6983","19.171","1"],["0.6999","0.786","1"],["0.7","11857.666","11"],["0.703","773.282","1"],["0.7052","3.136","1"],["0.707","19.171","1"],["0.7071","0.786","1"],["0.71","80","1"],["0.7142","0.786","1"],["0.715","3600","1"],["0.7157","19.171","1"],["0.72","300.5","2"],["0.721","3.136","1"],["0.7214","0.786","1"],["0.7243","19.171","1"],["0.7285","0.786","1"],["0.73","90.18","1"],["0.733","19.171","1"],["0.7357","0.786","1"],["0.7368","3.136","1"],["0.74","0.5","1"],["0.7417","19.171","1"],["0.7428","0.786","1"],["0.7499","0.786","1"],["0.75","6174.851","10"],["0.7504","19.171","1"],["0.7526","3.136","1"],["0.7571","0.786","1"],["0.759","19.171","1"],["0.76","0.5","1"],["0.7642","0.786","1"],["0.7677","19.171","1"],["0.7684","3.136","1"],["0.77","3149.332","1"],["0.7714","0.786","1"],["0.7764","19.171","1"],["0.7785","0.786","1"],["0.78","4071.63","4"],["0.7825","232.654","1"],["0.7842","3.136","1"],["0.7851","19.171","1"],["0.7857","0.786","1"],["0.79","100","1"],["0.7928","0.786","1"],["0.7937","19.171","1"],["0.798","101.453","1"],["0.7999","0.786","1"],["0.8","42019.508","10"],["0.8024","19.171","1"],["0.8071","0.786","1"],["0.81","195.113","1"],["0.8111","19.171","1"],["0.8142","0.786","1"],["0.8197","19.171","1"],["0.82","148.013","2"],["0.8214","0.786","1"],["0.825","0.5","1"],["0.8251","116","1"],["0.8284","19.171","1"],["0.8285","0.786","1"],["0.8357","0.786","1"],["0.8371","19.171","1"],["0.8428","0.786","1"],["0.8458","19.171","1"],["0.8499","0.786","1"],["0.85","1268.615","5"],["0.8544","19.171","1"],["0.8571","0.786","1"],["0.8631","19.171","1"],["0.8642","0.786","1"],["0.87","122","1"],["0.8714","0.786","1"],["0.8718","19.171","1"],["0.875","0.5","1"],["0.8785","0.786","1"],["0.8801","0.192","1"],["0.8805","19.171","1"],["0.8857","0.786","1"],["0.888","15251.211","1"],["0.8888","300.873","2"],["0.8891","19.171","1"],["0.89","100","1"],["0.8928","0.786","1"],["0.8978","19.171","1"],["0.8989","1.423","1"],["0.899","85.756","1"],["0.8999","0.786","1"],["0.9","11911.219","10"],["0.9065","19.171","1"],["0.9071","0.786","1"],["0.9104","34","1"],["0.9142","0.786","1"],["0.9152","19.171","1"],["0.9214","0.786","1"],["0.9238","19.171","1"],["0.925","0.5","1"],["0.9268","33.017","1"],["0.9285","0.786","1"],["0.93","125","1"],["0.9325","19.171","1"],["0.9357","0.786","1"],["0.94","127.493","1"],["0.9412","19.171","1"],["0.9428","0.786","1"],["0.9498","19.171","1"],["0.9499","0.786","1"],["0.95","32434.733","4"],["0.956","9.539","1"],["0.9571","0.786","1"],["0.958","1185.378","1"],["0.9585","19.171","1"],["0.9598","2758.521","1"],["0.9618","150","1"],["0.9642","0.786","1"],["0.966","15251.211","1"],["0.9672","19.171","1"],["0.968","20.991","1"],["0.969","126","1"],["0.9714","0.786","1"],["0.975","0.5","1"],["0.9759","19.171","1"],["0.9785","0.786","1"],["0.98","6421.11","4"],["0.9845","19.171","1"],["0.9857","0.786","1"],["0.9882","330.392","1"],["0.9888","10.224","1"],["0.99","171.025","1"],["0.9928","0.786","1"],["0.9932","19.171","1"],["0.995","2931.589","2"],["0.998","129","1"],["0.9989","74","1"],["0.9999","147.016","2"],["1","36987.71","12"],["1.0019","19.171","1"],["1.0071","0.786","1"],["1.01","1659.988","1"],["1.0106","19.171","1"],["1.0142","0.786","1"],["1.0192","19.171","1"],["1.02","673.731","1"],["1.0214","0.786","1"],["1.0279","19.171","1"],["1.0285","0.786","1"],["1.03","80.48","1"],["1.0357","0.786","1"],["1.0366","19.171","1"],["1.0428","0.786","1"],["1.0453","19.171","1"],["1.0499","0.786","1"],["1.05","382.297","3"],["1.0539","19.171","1"],["1.0555","19.27","1"],["1.056","122","1"],["1.0571","0.786","1"],["1.06","5487.608","3"],["1.0626","19.171","1"],["1.0642","0.786","1"],["1.0713","19.171","1"],["1.0714","0.786","1"],["1.0785","0.786","1"],["1.08","2119.094","3"],["1.0857","0.786","1"],["1.089","548.474","1"],["1.09","470.971","1"],["1.0928","0.786","1"],["1.0965","1232","1"],["1.0989","132.94","1"],["1.1","9050.933","12"],["1.11","155.918","1"],["1.111","279.788","1"],["1.1111","732.352","1"],["1.1133","347.659","1"],["1.1189","29.93","1"],["1.12","4168.126","2"],["1.1356","29.97","1"],["1.14","1","1"],["1.15","219.9","3"],["1.1509","61.371","1"],["1.16","380.302","2"],["1.168","459.186","1"],["1.175","1","1"],["1.18","378.783","1"],["1.1898","164.272","1"],["1.2","4096.803","14"],["1.21","1186","3"],["1.22","59.016","1"],["1.23","6.07","1"],["1.2317","49.95","1"],["1.25","146.683","4"],["1.256","1","1"],["1.26","96","1"],["1.28","5987.456","2"],["1.2856","520.149","1"],["1.2888","613.671","1"],["1.289","87.065","1"],["1.3","4215.891","7"],["1.3224","133.974","1"],["1.33","4495.002","1"],["1.3355","516.573","1"],["1.35","3485.788","3"],["1.3526","2.842","1"],["1.3604","797.927","2"],["1.3696","918.109","1"],["1.37","1.644","1"],["1.3859","742.004","1"],["1.3877","509.19","1"],["1.395","1182.431","2"],["1.3996","1218.41","1"],["1.4","392.114","4"],["1.4035","1112.502","1"],["1.4159","50","1"],["1.416","142.442","1"],["1.45","1","1"],["1.48","106","1"],["1.488","1500","1"],["1.495","417.611","1"],["1.4988","581.253","1"],["1.5","7232.308","18"],["1.52","487","1"],["1.53","129","1"],["1.5367","10.362","1"],["1.55","3.812","2"],["1.5523","10.157","1"],["1.568","9.955","1"],["1.58","300.777","3"],["1.5839","9.758","1"],["1.5965","37.462","1"],["1.5988","73.804","1"],["1.6","3752.32","5"],["1.61","99.755","2"],["1.618","892.878","1"],["1.6222","98.883","1"],["1.63","3321.633","1"],["1.6333","98.884","1"],["1.65","285.298","4"],["1.665","10","1"],["1.669","118","1"],["1.67","975.187","1"],["1.675","20","1"],["1.6789","62.285","1"],["1.685","931.207","1"],["1.69","457.586","1"],["1.698","418.247","1"],["1.6988","112.424","1"],["1.7","52.734","6"],["1.71","73.817","2"],["1.72","20","1"],["1.75","77.89","4"],["1.76","1027.147","1"],["1.7733","3.87","1"],["1.7777","109.865","1"],["1.793","5010.872","1"],["1.8","5190.684","12"],["1.818","25.061","1"],["1.82","27.259","1"],["1.8232","7.168","1"],["1.83","76.58","1"],["1.8321","85.668","1"],["1.835","7.169","1"],["1.85","153.401","3"],["1.8576","1.164","1"],["1.86","18.453","1"],["1.862","1358.166","1"],["1.8666","255.891","1"],["1.88","1.73","1"],["1.8833","0.702","1"],["1.8873","19.98","1"],["1.888","252.899","1"],["1.89","926.029","2"],["1.899","108.039","1"],["1.9","62.814","5"],["1.9078","5.495","1"],["1.93","2368.911","1"],["1.9322","200","1"],["1.9365","24.975","1"],["1.9413","1115.016","1"],["1.95","991.282","2"],["1.98","60.29","2"],["1.985","11","1"],["1.988","45","1"],["1.99","892.901","1"],["2","10317.063","23"],["2.05","0.405","1"],["2.08","7.844","1"],["2.089","49.95","1"],["2.095","1003.513","1"],["2.1","151.153","2"],["2.11","10.094","1"],["2.1111","4986.403","2"],["2.12","20.115","1"]],"bids":[["0.587","694.992","2"],["0.5869","1713.234","2"],["0.5868","744.856","1"],["0.5867","316","2"],["0.5866","5263.219","3"],["0.5865","1220","1"],["0.5862","196","1"],["0.5861","2334.084","1"],["0.586","581","1"],["0.5857","126.786","2"],["0.5856","1972.171","2"],["0.5855","107","1"],["0.5854","2900","1"],["0.585","1133.995","3"],["0.5845","65859.896","2"],["0.5837","1039.5","1"],["0.583","2647.774","1"],["0.5828","387.5","2"],["0.5824","1.3","1"],["0.5818","588.368","2"],["0.5816","123","1"],["0.5814","10157","1"],["0.5801","517.152","1"],["0.58","206.285","2"],["0.5797","498.983","2"],["0.5789","13.636","2"],["0.5785","0.786","1"],["0.5769","19.171","1"],["0.576","80.3","2"],["0.5759","5855","1"],["0.575","3509.173","1"],["0.5749","10.5","1"],["0.5743","19","1"],["0.5742","848.176","1"],["0.5714","0.786","1"],["0.571","10.5","1"],["0.5703","4094","1"],["0.57","658.325","2"],["0.5696","1.3","1"],["0.5682","19.171","1"],["0.5671","10.5","1"],["0.5667","3972","1"],["0.5642","0.786","1"],["0.5633","81.808","1"],["0.5632","11.8","2"],["0.5631","3.136","1"],["0.56","4.147","1"],["0.5595","19.171","1"],["0.5592","10.5","1"],["0.5571","0.786","1"],["0.5553","10.5","1"],["0.555","173.717","2"],["0.553","224.588","1"],["0.5514","10.5","1"],["0.5509","19.171","1"],["0.5504","1.3","1"],["0.55","6070.799","3"],["0.5499","0.786","1"],["0.548","9049.077","1"],["0.5474","10.5","1"],["0.5473","3.136","1"],["0.545","800","1"],["0.544","51.3","2"],["0.5435","10.5","1"],["0.5428","0.786","1"],["0.5422","19.171","1"],["0.5396","10.5","1"],["0.5389","1083.951","1"],["0.5376","1.3","1"],["0.5357","11.286","2"],["0.5335","19.171","1"],["0.5317","10.5","1"],["0.5315","3.136","1"],["0.5312","1.3","1"],["0.53","5519.622","2"],["0.5285","0.786","1"],["0.5278","10.5","1"],["0.5264","856.123","1"],["0.525","4504.526","1"],["0.5248","20.471","2"],["0.5239","10.5","1"],["0.5214","0.786","1"],["0.52","1241.29","2"],["0.5199","10.5","1"],["0.5184","1.3","1"],["0.5162","19.171","1"],["0.516","10.5","1"],["0.5157","3.136","1"],["0.5142","0.786","1"],["0.5121","10.5","1"],["0.512","1.3","1"],["0.51","3495.89","3"],["0.5082","10.5","1"],["0.5075","19.171","1"],["0.5071","0.786","1"],["0.5056","1.3","1"],["0.5042","10.5","1"],["0.5028","106","1"],["0.5019","10.66","1"],["0.5011","2619.798","1"],["0.5003","5010.5","2"],["0.5","1184.968","5"],["0.4999","0.786","1"],["0.4992","1.3","1"],["0.4988","19.171","1"],["0.4986","108.3","1"],["0.4968","11429.788","1"],["0.4964","10.5","1"],["0.4954","39.35","1"],["0.4952","600.72","1"],["0.4928","2.086","2"],["0.4924","10.5","1"],["0.4902","19.171","1"],["0.4885","10.5","1"],["0.4863","1.3","1"],["0.4857","0.786","1"],["0.4846","10.5","1"],["0.4815","19.171","1"],["0.4807","10.5","1"],["0.48","3841.567","5"],["0.4799","1.3","1"],["0.4785","50.786","2"],["0.4767","10.5","1"],["0.475","340.15","2"],["0.4735","1.3","1"],["0.4728","29.671","2"],["0.4714","0.786","1"],["0.4689","10.5","1"],["0.4688","6000","1"],["0.4672","128","1"],["0.4671","1.3","1"],["0.4649","10.5","1"],["0.4642","0.786","1"],["0.4641","19.171","1"],["0.461","10.5","1"],["0.4607","1.3","1"],["0.4605","300","1"],["0.46","520.821","5"],["0.458","300","1"],["0.4571","11.286","2"],["0.4568","2189.141","1"],["0.4555","19.171","1"],["0.4543","1.3","1"],["0.4532","10.5","1"],["0.45","11154.069","5"],["0.4499","0.786","1"],["0.4492","10.5","1"],["0.448","248","1"],["0.4479","1.3","1"],["0.4468","19.171","1"],["0.4453","10.5","1"],["0.445","300","1"],["0.444","155.702","1"],["0.4428","0.786","1"],["0.4415","1.3","1"],["0.4414","10.5","1"],["0.44","3000.22","2"],["0.4381","19.171","1"],["0.4374","10.5","1"],["0.4357","246.024","2"],["0.4351","1.3","1"],["0.4335","10.5","1"],["0.43","292.996","2"],["0.4296","10.5","1"],["0.4294","19.171","1"],["0.4287","1.3","1"],["0.4285","0.786","1"],["0.426","257.367","1"],["0.4257","10.5","1"],["0.425","65","1"],["0.4223","1.3","1"],["0.4217","10.5","1"],["0.4214","0.786","1"],["0.4208","19.171","1"],["0.42","270.736","2"],["0.4178","10.5","1"],["0.4159","1.3","1"],["0.4142","0.786","1"],["0.4139","10.5","1"],["0.41","17078.17","2"],["0.4099","10.5","1"],["0.4095","1.3","1"],["0.4071","0.786","1"],["0.406","10.5","1"],["0.4034","19.171","1"],["0.4031","1.3","1"],["0.4021","10.5","1"],["0.4","3042.667","7"],["0.3999","12.898","1"],["0.3982","10.5","1"],["0.3967","1.3","1"],["0.3947","19.171","1"],["0.3942","10.5","1"],["0.393","50.89","1"],["0.3903","11.8","2"],["0.39","149","1"],["0.3864","10.5","1"],["0.3861","19.171","1"],["0.3839","1.3","1"],["0.3824","10.5","1"],["0.38","4026.663","4"],["0.3785","10.5","1"],["0.3774","20.471","2"],["0.375","64.27","1"],["0.3746","10.5","1"],["0.371","1.3","1"],["0.3707","10.5","1"],["0.37","3000","1"],["0.3687","19.171","1"],["0.3677","295.955","1"],["0.3667","10.5","1"],["0.3646","1.3","1"],["0.3633","16","1"],["0.3628","10.5","1"],["0.3601","19.171","1"],["0.3589","10.5","1"],["0.3582","1.3","1"],["0.358","16956.403","1"],["0.3549","10.5","1"],["0.3518","1.3","1"],["0.3514","19.171","1"],["0.351","10.5","1"],["0.3471","10.5","1"],["0.3454","1.3","1"],["0.345","323.69","1"],["0.3432","10.5","1"],["0.3427","19.171","1"],["0.34","20","1"],["0.3392","10.5","1"],["0.339","1.3","1"],["0.3379","661.879","1"],["0.3353","10.5","1"],["0.334","19.171","1"],["0.3326","1.3","1"],["0.3314","10.5","1"],["0.33","152.814","2"],["0.3274","10.5","1"],["0.3262","1.3","1"],["0.3254","19.171","1"],["0.3238","825.552","1"],["0.3235","10.5","1"],["0.32","1640","3"],["0.3198","1.3","1"],["0.3196","10.5","1"],["0.3167","19.171","1"],["0.3157","10.5","1"],["0.3134","1.3","1"],["0.3117","10.5","1"],["0.31","201.384","2"],["0.308","19.171","1"],["0.3078","10.5","1"],["0.307","1.3","1"],["0.3058","982.131","1"],["0.3039","10.5","1"],["0.3006","1.3","1"],["0.3","9801.823","18"],["0.2993","19.171","1"],["0.298","64.474","1"],["0.2942","1.3","1"],["0.2907","19.171","1"],["0.2878","1.3","1"],["0.285","100","1"],["0.282","19.171","1"],["0.2814","1.3","1"],["0.28","50","1"],["0.2749","1.3","1"],["0.2733","19.171","1"],["0.27","5","1"],["0.2685","1.3","1"],["0.2646","19.171","1"],["0.2621","1.3","1"],["0.26","5311.8","2"],["0.256","19.171","1"],["0.2557","1.3","1"],["0.255","4000","1"],["0.25","1500","2"],["0.2493","1.3","1"],["0.2473","19.171","1"],["0.2429","1992.995","2"],["0.24","10505.984","3"],["0.2386","19.171","1"],["0.2365","1.3","1"],["0.2301","1.3","1"],["0.23","369.171","3"],["0.2237","1.3","1"],["0.22","1831.52","2"],["0.2173","1.3","1"],["0.2109","1.3","1"],["0.2103","100","1"],["0.21","13050.165","5"],["0.2045","1.3","1"],["0.2","1805.172","7"],["0.1981","1.3","1"],["0.1917","1.3","1"],["0.1853","1.3","1"],["0.1789","1.3","1"],["0.1724","1.3","1"],["0.17","159.026","1"],["0.166","1.3","1"],["0.1596","1.3","1"],["0.1532","1.3","1"],["0.15","1000","1"],["0.1468","1.3","1"],["0.1404","1.3","1"],["0.134","1.3","1"],["0.1276","1.3","1"],["0.1212","1.3","1"],["0.1148","1.3","1"],["0.1084","1.3","1"],["0.102","1.3","1"],["0.1","2988.78","3"],["0.0956","1.3","1"],["0.0892","1.3","1"],["0.0828","1.3","1"],["0.0764","1.3","1"],["0.07","45.811","2"],["0.0442","113.122","1"],["0.0221","226.244","1"],["0.0111","450.45","1"],["0.01","5053.755","2"],["0.0055","909.09","1"],["0.001","10000","1"],["0.0006","15000","1"],["0.0003","1003000","2"],["0.0002","739999","5"],["0.0001","180767","6"]],"timestamp":"2020-06-02T23:14:31.859Z","checksum":1165461792}]} 
03.06.2020 02:14:32 okex: {"table":"spot/depth","action":"update","data":[{"instrument_id":"BTC-USDT","asks":[["9481","0","0"],["9481.4","0.2","1"],["9481.7","4.7","1"],["9481.8","8.201","3"],["9481.9","0.07152051","5"],["9482.7","0","0"],["9484","0.15","1"],["9485.7","0.3","1"],["9486.6","0.11876666","1"],["9488.1","0.2014","2"],["9491.9","0.1","1"],["9615.4","0","0"],["9615.7","0","0"]],"bids":[["9480.3","0","0"],["9480.1","0.001","1"],["9477","0.50530412","3"]],"timestamp":"2020-06-02T23:14:31.915Z","checksum":-1776192763}]} 
03.06.2020 02:14:32 okex: {"table":"spot/depth","action":"update","data":[{"instrument_id":"EOS-USDT","asks":[["2.657","7548.3486","21"],["2.663","10268.5836","12"],["2.664","2586.265","7"]],"bids":[["2.652","7435.334","19"],["2.651","9104.7766","17"]],"timestamp":"2020-06-02T23:14:31.921Z","checksum":2002195440}]} 
03.06.2020 02:14:32 Huobi Global: {"id":"1","status":"ok","subbed":"market.ltcusdt.depth.step0","ts":1591139671948} 
03.06.2020 02:14:32 Huobi Global: {"ch":"market.ltcusdt.depth.step0","ts":1591139671492,"tick":{"bids":[[45.68,0.0968],[45.67,1.2],[45.66,101.9919],[45.65,233.6149],[45.64,328.8446],[45.63,326.236],[45.62,270.6571],[45.61,269.9106],[45.6,274.9961],[45.59,445.2135],[45.58,269.0286],[45.57,108.302],[45.56,18.0],[45.55,341.8103],[45.54,372.3169],[45.53,731.1261],[45.52,2.3797],[45.51,42.9264],[45.5,250.3136],[45.49,0.2],[45.48,17.6199],[45.47,64.4683],[45.46,0.8502],[45.45,4.5152],[45.44,5.8516],[45.43,0.3976],[45.42,15.8825],[45.41,14.6593],[45.4,9.2867],[45.39,135.4422],[45.38,20.8128],[45.37,60.0171],[45.36,363.2587],[45.35,3.2118],[45.34,0.3233],[45.33,0.6617],[45.32,2.0981],[45.31,1.9438],[45.3,81.4154],[45.29,3005.4404],[45.28,616.4444],[45.27,0.1535],[45.26,94.542],[45.25,200.6591],[45.24,1178.232],[45.22,1.0],[45.21,86.5157],[45.2,15.7483],[45.19,7.4156],[45.18,4.278],[45.17,0.4021],[45.16,0.5735],[45.15,45.5623],[45.14,32.2399],[45.13,0.1364],[45.12,5.4744],[45.11,11.5796],[45.1,527.6853],[45.09,0.4],[45.08,0.1203],[45.07,23.9801],[45.06,0.9449],[45.05,276.0222],[45.04,0.8763],[45.03,0.1507],[45.02,14.8528],[45.01,439.8],[45.0,1547.6438],[44.99,0.9096],[44.98,585.57],[44.97,11.319],[44.96,5.4379],[44.95,0.2103],[44.94,0.656],[44.93,0.2],[44.92,0.6238],[44.91,4.0968],[44.9,24.3774],[44.89,0.93],[44.88,6.3785],[44.87,2.9003],[44.86,1.51],[44.85,8.762],[44.84,0.1391],[44.83,2.238],[44.82,0.15],[44.81,0.1701],[44.8,311.2844],[44.79,0.6388],[44.78,101.5661],[44.77,7.6162],[44.76,1.3004],[44.75,1.2398],[44.74,0.4734],[44.73,2.9061],[44.72,1.2899],[44.71,0.4962],[44.7,667.6707],[44.69,0.7695],[44.68,714.7471],[44.67,276.5154],[44.66,16.3282],[44.65,300.4857],[44.64,0.2636],[44.63,0.8602],[44.62,152.9671],[44.61,200.2112],[44.6,446.5831],[44.59,5.6789],[44.58,167.5884],[44.56,36.6232],[44.55,23.8895],[44.54,171.6755],[44.53,0.3253],[44.52,38.3074],[44.51,1.8357],[44.5,915.5653],[44.49,10.5971],[44.48,18.8218],[44.47,1.7326],[44.46,5.8119],[44.45,3.8213],[44.44,170.0],[44.43,0.1213],[44.42,0.7499],[44.41,6.1475],[44.4,41.697],[44.39,2.7246],[44.38,10.243],[44.37,0.9053],[44.36,0.4605],[44.35,0.3676],[44.34,0.1365],[44.33,0.5772],[44.32,935.5461],[44.31,3.162],[44.3,16.4588],[44.29,0.1461],[44.28,34.3907],[44.27,20.3122],[44.26,0.5484],[44.25,172.1597],[44.24,131.8106],[44.23,0.3396],[44.21,21.9467],[44.2,1003.7168],[44.19,0.4961],[44.18,5.6941],[44.17,0.8555],[44.16,213.7945]],"asks":[[45.69,2.7335],[45.7,60.2725],[45.71,219.5187],[45.72,261.5212],[45.73,278.981],[45.74,267.1918],[45.75,215.9862],[45.76,522.6467],[45.77,65.8944],[45.78,284.7512],[45.79,236.7275],[45.8,198.1194],[45.81,364.3281],[45.82,201.7912],[45.83,235.9331],[45.84,96.2779],[45.85,0.3278],[45.86,1.4223],[45.87,1.422],[45.88,1.4219],[45.89,2.724],[45.9,18.8274],[45.91,42.6715],[45.92,111.2023],[45.93,292.3172],[45.94,11.7057],[45.95,0.965],[45.96,0.3944],[45.97,7.3546],[45.98,0.4873],[45.99,0.7357],[46.0,87.3992],[46.01,0.3859],[46.02,5.0578],[46.03,3000.6433],[46.04,51.9537],[46.05,4.0671],[46.06,0.1301],[46.07,0.1257],[46.1,0.4607],[46.11,46.7496],[46.12,0.5923],[46.13,0.7521],[46.14,0.1301],[46.15,0.7676],[46.16,3.9813],[46.17,0.9405],[46.18,113.4584],[46.19,1.0],[46.2,15.3253],[46.21,1.0302],[46.22,2.6312],[46.23,0.4419],[46.24,0.325],[46.25,1.0725],[46.26,18.8715],[46.27,81.3376],[46.28,9.0241],[46.29,5.4617],[46.3,6.2478],[46.31,11.229],[46.32,0.6742],[46.33,0.5257],[46.34,334.6716],[46.36,1167.38],[46.37,0.3288],[46.38,0.2462],[46.39,0.1507],[46.4,0.3239],[46.41,4.2189],[46.43,0.7253],[46.44,0.3168],[46.45,13.7152],[46.46,0.6591],[46.47,1.1549],[46.48,10.2471],[46.49,0.4417],[46.5,714.3824],[46.51,1.4627],[46.52,8.1115],[46.53,0.5471],[46.54,0.2],[46.55,0.1175],[46.56,698.2423],[46.57,8.2188],[46.58,10.4399],[46.59,14.4621],[46.6,131.0413],[46.61,0.1628],[46.62,5.3323],[46.63,0.9332],[46.64,9.8474],[46.65,0.2883],[46.66,89.6226],[46.67,10.389],[46.68,12.4966],[46.69,0.3063],[46.7,0.15],[46.71,0.3245],[46.72,0.3227],[46.73,1.901],[46.74,11.1766],[46.75,0.2246],[46.76,0.4256],[46.77,0.5238],[46.78,760.3108],[46.79,0.3212],[46.8,68.3961],[46.83,0.5358],[46.84,0.4634],[46.85,1.0918],[46.86,19.4033],[46.87,0.2866],[46.88,771.6779],[46.89,0.1071],[46.9,119.6941],[46.91,0.1938],[46.92,9.4846],[46.93,0.7868],[46.95,3.5339],[46.96,0.7345],[46.97,0.532],[46.98,131.0026],[46.99,1106.9316],[47.0,388.5352],[47.01,0.4466],[47.02,11.226],[47.03,0.7933],[47.04,0.4089],[47.05,0.2948],[47.06,0.724],[47.07,0.3562],[47.08,0.3217],[47.09,0.1353],[47.1,28.9034],[47.11,51.0908],[47.12,4.4693],[47.13,0.4402],[47.15,4.6981],[47.16,10.9785],[47.17,0.4039],[47.18,4.2865],[47.19,3.2364],[47.2,0.1529],[47.21,0.2583],[47.23,0.6485],[47.24,0.4589],[47.25,0.8946],[47.26,0.318],[47.27,299.9745]],"version":103391039409,"ts":1591139671489}} 
03.06.2020 02:14:32 Huobi Global: {"id":"1","status":"ok","subbed":"market.eosusdt.depth.step0","ts":1591139671965} 
03.06.2020 02:14:32 Huobi Global: {"ch":"market.eosusdt.depth.step0","ts":1591139671629,"tick":{"bids":[[2.6559,1246.6355],[2.6557,121.2994],[2.6556,26.5137],[2.6554,600.0],[2.655,2068.637],[2.6549,1168.0848],[2.6548,893.7662],[2.6547,1194.7211],[2.6546,288.2566],[2.6545,184.2043],[2.6544,527.4473],[2.6543,364.5081],[2.6542,568.6686],[2.6541,2986.9969],[2.654,244.5082],[2.6539,1618.6592],[2.6538,604.466],[2.6537,10284.7538],[2.6536,2527.3011],[2.6535,1632.5819],[2.6534,1517.7222],[2.6533,1128.848],[2.6532,1241.7486],[2.6531,2259.1882],[2.653,438.4621],[2.6529,1931.326],[2.6528,1919.4],[2.6527,922.3493],[2.6526,462.122],[2.6525,107.6923],[2.6524,7231.1662],[2.6523,22.147],[2.6522,1006.3735],[2.6521,676.7121],[2.652,819.0055],[2.6519,5260.8326],[2.6518,453.0056],[2.6517,985.6535],[2.6514,2065.6961],[2.6513,501.0],[2.6512,100.0],[2.6511,335.4708],[2.651,725.7601],[2.6509,1.9614],[2.6508,6.5785],[2.6507,300.4412],[2.6506,7300.346],[2.6505,442.5505],[2.6504,121.3751],[2.6503,258.0798],[2.6502,40.147],[2.6501,2200.0],[2.65,9011.8956],[2.6494,2257.9205],[2.6491,43.6861],[2.649,300.0],[2.6489,5800.0],[2.6488,67.7363],[2.6483,1600.5814],[2.6482,1539.9654],[2.648,10.4583],[2.6479,3347.5179],[2.6478,3.9052],[2.6477,37.6861],[2.6472,422.9559],[2.647,2.0833],[2.6469,5.354],[2.6467,2782.8271],[2.6465,8.1795],[2.6463,200.0],[2.6462,6.8692],[2.646,22.0],[2.6457,1301.673],[2.6455,311.5348],[2.6454,13.8683],[2.6453,11.3854],[2.6452,1418.9022],[2.6451,559.4664],[2.645,3029.3764],[2.6448,5.0],[2.6445,48000.0],[2.6441,10.6155],[2.6438,43.6118],[2.6436,40.5216],[2.6434,146.9923],[2.6429,7.5674],[2.6428,508.3434],[2.6425,12.453],[2.6422,3.9052],[2.6421,10.4058],[2.642,908.4443],[2.6419,4.838],[2.6417,665.2354],[2.6416,292.8784],[2.6414,17.9419],[2.6413,31.3834],[2.6412,223.931],[2.6411,1.9216],[2.641,169.8033],[2.6409,6.6918],[2.6408,320.6096],[2.6405,17.5658],[2.6403,5.9091],[2.64,6680.129],[2.6399,5.0574],[2.6396,3.4278],[2.6394,14.3731],[2.6391,9.4633],[2.6389,17.4475],[2.6387,4.5453],[2.6386,3.0272],[2.6384,225.8442],[2.6383,5.4034],[2.6381,6.4685],[2.638,1666.0],[2.6379,162.943],[2.6378,1000.0],[2.6376,2453.8124],[2.6371,146.9923],[2.637,668.1316],[2.6369,9.8744],[2.6368,202.8841],[2.6365,5.5076],[2.6361,13.9346],[2.636,163.0781],[2.6359,19551.1055],[2.6356,309.1669],[2.6355,41.6208],[2.6354,132.083],[2.635,426.307],[2.6349,2514.2068],[2.6348,2.2561],[2.6346,12.9305],[2.6345,3.0],[2.634,319.36],[2.6339,102.7898],[2.6338,225.7412],[2.6337,3075.4122],[2.6336,3.2344],[2.6334,100.0],[2.6333,36.4161],[2.6332,7.4728],[2.633,100.0],[2.6326,175.6848],[2.6324,7528.278],[2.6323,8.9145],[2.6321,85.2128],[2.632,645.1648],[2.6318,5.9255],[2.6316,1.9614]],"asks":[[2.6565,921.1427],[2.6567,121.2994],[2.6568,599.9562],[2.6571,426.3689],[2.6573,1441.5588],[2.6574,1850.0688],[2.6575,1589.5458],[2.6576,175.4918],[2.6577,408.2566],[2.6578,976.5415],[2.6579,1703.1791],[2.658,325.1956],[2.6581,392.0773],[2.6582,577.8218],[2.6583,1976.1391],[2.6584,14698.5582],[2.6585,2308.8934],[2.6586,2598.8879],[2.6587,4409.5174],[2.6589,37.6861],[2.659,12.147],[2.6591,339.3966],[2.6592,410.0],[2.6593,5425.0562],[2.6594,243.6],[2.6595,81.1],[2.6596,111.8817],[2.6597,2019.3157],[2.6598,253.8926],[2.6599,106.2026],[2.66,963.5513],[2.6601,2675.7573],[2.6602,661.1261],[2.6603,866.8836],[2.6604,537.6435],[2.6605,460.0],[2.6606,627.7],[2.6607,563.8037],[2.6608,398.147],[2.6609,3971.731],[2.661,1001.3026],[2.6611,1876.8326],[2.6612,100.0],[2.6613,1304.7362],[2.6614,576.0187],[2.6615,1600.5814],[2.6616,403.5184],[2.6617,7026.5953],[2.6618,302.0801],[2.6619,11.1654],[2.662,824.1816],[2.6624,2500.8102],[2.6627,1999.9999],[2.6629,212.147],[2.6635,1302.9817],[2.6636,3.7509],[2.6638,22898.1929],[2.664,6672.0579],[2.6641,11.9816],[2.6646,4.8262],[2.6647,5800.0],[2.6652,14.247],[2.6654,2.0833],[2.6656,419.6213],[2.6657,6.0],[2.6658,11.9817],[2.6659,4.1052],[2.6663,416.4892],[2.6665,11.9816],[2.6667,150.0],[2.6669,3.0],[2.6674,154.2579],[2.6675,48000.0],[2.6679,200.0],[2.668,221.9714],[2.6683,40.0],[2.6688,749.4986],[2.6691,18.8267],[2.6693,5.0],[2.6698,5.681],[2.67,9452.4301],[2.6701,146.8595],[2.6703,741.1469],[2.6704,34.7404],[2.6706,3.4356],[2.6709,513.0],[2.6712,127.6174],[2.6713,5.3555],[2.6715,24.2434],[2.6716,3.9052],[2.6718,869.7422],[2.6719,6.5908],[2.6721,413.4588],[2.6723,4.1068],[2.6725,4.4285],[2.6726,3.7383],[2.6727,8.1795],[2.6728,19.0887],[2.673,1.9349],[2.6732,8.8261],[2.6733,51.0882],[2.6734,25.4479],[2.6735,13099.1895],[2.6737,12.4758],[2.674,20.225],[2.6744,21.8483],[2.6746,223.9971],[2.6747,150.1389],[2.675,3.698],[2.6753,2.1],[2.6757,1.9768],[2.6758,10.1123],[2.6762,15.9559],[2.6767,19.7365],[2.677,19.5723],[2.6772,3.9052],[2.6776,44.8072],[2.678,12.0523],[2.6781,2.8946],[2.6782,2.8568],[2.6783,66.5768],[2.6789,2.4303],[2.679,7.4728],[2.6794,9.8939],[2.6796,3.0],[2.6797,18.7519],[2.6798,9.4119],[2.68,18390.5924],[2.6804,5.7272],[2.6806,2.7],[2.6808,7531.628],[2.681,99.8],[2.6811,1.9453],[2.6812,2.1614],[2.6813,2.2205],[2.6814,2.2339],[2.6816,5.0],[2.6818,3.0272],[2.6819,5.0736],[2.682,8743.5885],[2.6821,9077.0],[2.6822,300.0],[2.6823,7700.0],[2.6824,5.354],[2.6826,5.0032],[2.6829,3.9052],[2.683,148.9057],[2.6832,3.6456],[2.6833,3.0],[2.6834,6.0]],"version":104338047080,"ts":1591139671619}} 
03.06.2020 02:14:32 gate.io: {"method": "depth.update", "params": [true, {"asks": [["0.588", "4.14731602"], ["0.59", "6096.939"], ["0.591", "6000"], ["0.592", "52278.002147"], ["0.593", "1332.334327"], ["0.595", "55"], ["0.596", "154.4"], ["0.599", "199.6"], ["0.6", "10"], ["0.601", "5196"], ["0.602", "41.4186701"], ["0.603", "21.7713858"], ["0.607", "160.7291"], ["0.608", "5195"], ["0.61", "100"], ["0.615", "162.6"], ["0.619", "775.76536"], ["0.625", "24"], ["0.626", "110.085"], ["0.628", "950.37873263"], ["0.629", "10942.860439"], ["0.63", "13419.5435648"], ["0.631", "775.114"], ["0.633", "9607.73"], ["0.634", "742.687"], ["0.635", "14037"], ["0.638", "10877.738078"], ["0.64", "1458.492"], ["0.641", "49"], ["0.642", "9329.799026"]], "bids": [["0.586", "24866.1681701"], ["0.585", "11747.927"], ["0.584", "54404.632"], ["0.583", "1730.1038"], ["0.581", "1668.59"], ["0.58", "20847"], ["0.578", "56"], ["0.574", "6196"], ["0.573", "5197"], ["0.572", "254.4"], ["0.571", "2259.42265942"], ["0.57", "200"], ["0.567", "579.922"], ["0.565", "1460.943"], ["0.56", "1892.857"], ["0.558", "19158.155"], ["0.555", "11669.909"], ["0.554", "5500"], ["0.551", "1140.662"], ["0.55", "7653.215"], ["0.547", "21.7713858"], ["0.545", "5649.14"], ["0.542", "30597.569"], ["0.541", "5000"], ["0.54", "15557.585"], ["0.535", "1155.84"], ["0.53", "1381.291"], ["0.528", "2725.164"], ["0.523", "1015.98"], ["0.521", "13625.513"]]}, "ONT_USDT"], "id": null} 
03.06.2020 02:14:32 okex: {"table":"spot/depth","action":"update","data":[{"instrument_id":"BTC-USDT","asks":[["9481","0.10696714","4"],["9481.5","0.2","1"],["9481.8","8.2","2"],["9481.9","0.03452051","3"],["9482.1","4.664","3"],["9485.7","0","0"],["9487.3","0.11178859","2"],["9487.7","0","0"],["9488.2","0.0032","1"],["9523.2","0.00451131","1"]],"bids":[["9480.3","0.001","1"],["9480.1","0","0"],["9479.6","0","0"],["9479.5","0.00250366","1"],["9479.3","1.005","2"],["9437.9","0.03","1"],["9340.8","0.005024","4"]],"timestamp":"2020-06-02T23:14:32.018Z","checksum":-615376506}]} 
03.06.2020 02:14:32 okex: {"table":"spot/depth","action":"update","data":[{"instrument_id":"LTC-USDT","asks":[["45.74","370.795511","18"]],"bids":[],"timestamp":"2020-06-02T23:14:32.021Z","checksum":-1633568573}]} 
03.06.2020 02:14:32 okex: {"table":"spot/depth","action":"update","data":[{"instrument_id":"EOS-USDT","asks":[["2.657","7545.0749","17"]],"bids":[["2.654","2258.0627","20"],["2.645","5148.4668","7"]],"timestamp":"2020-06-02T23:14:32.023Z","checksum":-1688903410}]} 
03.06.2020 02:14:32 gate.io: {"method": "depth.update", "params": [false, {"asks": [["2.6587", "65.337"], ["2.6728", "0"]], "bids": [["2.6542", "65.215"], ["2.654", "0"]]}, "EOS_USDT"], "id": null} 
03.06.2020 02:14:32 gate.io: {"method": "depth.update", "params": [false, {"asks": [["9483.43", "0.0933"]], "bids": [["9478.39", "0.0933"], ["9462.35", "0.21136396"], ["9458.33", "0.3602"], ["9451.51", "0"]]}, "BTC_USDT"], "id": null} 
03.06.2020 02:14:32 okex: {"table":"spot/depth","action":"update","data":[{"instrument_id":"BTC-USDT","asks":[["9481","0.3","2"],["9481.5","0","0"],["9481.8","8.214","4"],["9481.9","0.04652051","4"],["9482.1","4.65","1"],["9482.2","0","0"],["9482.6","0.001","1"],["9482.8","0.0040003","2"],["9483.9","0.045","1"],["9484.1","0","0"],["9486","0.15813276","1"],["9486.4","0","0"],["9486.6","0","0"],["9486.8","0.36588506","2"],["9488.7","0.66188774","2"],["9503.6","0","0"],["9523.3","2.33322482","1"],["9615.4","0.03799827","1"],["9615.7","0.01117661","1"],["9616.7","0.03","1"]],"bids":[["9480.3","0","0"],["9480.2","0.001","1"],["9479.7","1.0015","2"],["9479.5","0.01850366","2"],["9479.3","0.005","1"],["9478.6","0.0732","2"],["9478.4","0","0"],["9478.2","1.79534322","4"],["9478.1","0.63460638","3"],["9478","0.66726216","4"],["9477.7","0.30835021","2"],["9477.2","0.21630829","1"],["9477.1","0.39733727","3"],["9477","0.202","2"],["9438.1","2.35640539","2"],["9340","0.09421561","4"]],"timestamp":"2020-06-02T23:14:32.119Z","checksum":780133258}]} 
03.06.2020 02:14:32 okex: {"table":"spot/depth","action":"update","data":[{"instrument_id":"LTC-USDT","asks":[["45.7","480.601016","9"],["45.73","164.680254","13"]],"bids":[["45.29","0","0"],["40.45","20.028989","6"]],"timestamp":"2020-06-02T23:14:32.123Z","checksum":-1084423603}]} 
03.06.2020 02:14:32 okex: {"table":"spot/depth","action":"update","data":[{"instrument_id":"EOS-USDT","asks":[["2.657","7548.3486","21"]],"bids":[["2.653","10602.0589","31"]],"timestamp":"2020-06-02T23:14:32.125Z","checksum":1667165157}]} 
03.06.2020 02:14:32 Huobi Global: {"id":"1","status":"ok","subbed":"market.btcusdt.depth.step0","ts":1591139672097} 
