31.05.2020 00:05:57 gate.io: {"error": null, "result": {"status": "success"}, "id": 1} 
31.05.2020 00:05:57 gate.io: {"method": "depth.update", "params": [true, {"asks": [["46.84", "0.724"], ["46.87", "17.6632"], ["46.88", "13.749"], ["46.89", "77.6409"], ["46.9", "13.4261"], ["46.91", "5.11635758"], ["46.92", "4.7129"], ["46.94", "85.4135"], ["46.95", "6"], ["46.96", "52.09"], ["46.97", "73.13"], ["46.98", "95"], ["47", "0.06503772"], ["47.08", "765.2833"], ["47.1", "15.01"], ["47.16", "4.6888"], ["47.18", "2.3198"], ["47.2", "17.23911609"], ["47.23", "15.18"], ["47.26", "0.06503772"], ["47.28", "18.6798"], ["47.31", "17.89"], ["47.36", "73.41"], ["47.4", "4.6649"], ["47.42", "0.1"], ["47.43", "3.2"], ["47.48", "161.9753"], ["47.5", "501.6218"], ["47.53", "0.06503772"], ["47.56", "0.2"]], "bids": [["46.83", "0.6475"], ["46.8", "9.6483"], ["46.79", "199.5935"], ["46.78", "11.48350628"], ["46.77", "37.3403"], ["46.76", "97.6390333"], ["46.74", "7.4"], ["46.73", "27.67190327"], ["46.72", "27.3492"], ["46.71", "177.0649"], ["46.7", "12.3"], ["46.68", "73.13"], ["46.67", "44.08408181"], ["46.66", "1.22"], ["46.6", "64.0243"], ["46.47", "0.06503772"], ["46.44", "4.7372"], ["46.39", "701.23"], ["46.38", "32.2"], ["46.26", "282.52"], ["46.23", "0.37911609"], ["46.21", "0.06503772"], ["46.2", "4.7619"], ["46.1", "74.6121"], ["46.03", "73.31"], ["46", "75.7391"], ["45.96", "4.7867"], ["45.94", "0.06503772"], ["45.85", "25"], ["45.8", "68.3817"]]}, "LTC_USDT"], "id": null} 
31.05.2020 00:05:57 gate.io: {"method": "depth.update", "params": [false, {"asks": [["46.86", "25.0474"]], "bids": [["46.82", "25.0474"], ["46.67", "1.23"]]}, "LTC_USDT"], "id": null} 
31.05.2020 00:05:57 okex: {"event":"subscribe","channel":"spot/depth:BTC-USDT"} 
31.05.2020 00:05:57 okex: {"table":"spot/depth","action":"partial","data":[{"instrument_id":"BTC-USDT","asks":[["9461.6","3.60417952","11"],["9461.7","0.20103693","1"],["9461.8","0.007","1"],["9461.9","0.80514772","5"],["9462.3","0.001","1"],["9462.4","0.2","1"],["9462.5","0.10762981","1"],["9462.8","0.01148856","2"],["9462.9","0.001","1"],["9463.2","0.001","1"],["9463.3","0.01562525","2"],["9463.4","0.208","1"],["9463.5","0.001","1"],["9463.6","0.0800072","2"],["9463.7","0.01244701","1"],["9463.8","0.05585666","3"],["9463.9","0.447","1"],["9464","0.078","1"],["9464.1","0.68011996","2"],["9464.2","0.15","1"],["9464.3","0.31571332","3"],["9464.5","0.28715127","4"],["9464.6","1.24828552","2"],["9464.7","1.42","2"],["9464.8","0.215","2"],["9464.9","0.15879569","1"],["9465","7.24874004","4"],["9465.3","0.42463048","2"],["9465.5","0.2603","2"],["9465.8","0.31732362","2"],["9465.9","0.01051472","1"],["9466","0.5","1"],["9466.1","0.339","2"],["9466.2","0.23616704","3"],["9466.3","0.00528189","1"],["9466.4","0.10585046","1"],["9466.5","1.25513543","4"],["9466.6","0.00453827","1"],["9466.7","0.51839283","2"],["9466.8","0.16164543","2"],["9466.9","0.25955498","3"],["9467","0.6045971","3"],["9467.1","0.1585658","1"],["9467.4","0.41933336","3"],["9467.5","0.76","2"],["9467.7","0.15873183","1"],["9467.8","0.66","1"],["9468","0.1","1"],["9468.1","0.001","1"],["9468.3","0.001","1"],["9468.7","3.75873183","2"],["9468.8","0.126825","1"],["9468.9","0.00101","1"],["9469","0.18756926","1"],["9469.2","0.32715599","3"],["9469.3","0.550153","5"],["9469.4","0.00528284","1"],["9469.5","0.05924407","3"],["9469.6","0.42805192","3"],["9469.7","0.05277101","1"],["9469.8","0.16552986","1"],["9469.9","0.13893027","3"],["9470.3","0.0540238","2"],["9470.4","1.057","1"],["9470.6","0.73080325","4"],["9470.8","0.5913","2"],["9471.3","0.00453602","1"],["9471.4","0.15790037","4"],["9471.5","0.15866803","1"],["9471.7","0.00211155","1"],["9471.8","0.001","1"],["9471.9","0.00303","1"],["9472.4","0.15983069","2"],["9472.5","0.01546381","1"],["9472.8","0.13568569","1"],["9472.9","0.111","1"],["9473","0.02417255","2"],["9473.4","0.16174676","2"],["9473.8","0.011509","1"],["9474.2","0.00528016","1"],["9474.3","0.16074208","2"],["9474.4","0.0680504","2"],["9474.5","0.9246","3"],["9474.9","0.15","1"],["9475.3","0.75861769","3"],["9475.5","0.8","3"],["9475.7","0.39297706","2"],["9475.9","0.6","2"],["9476.1","0.00453377","1"],["9476.2","0.35860092","2"],["9476.4","0.001926","1"],["9476.5","0.00459685","2"],["9476.6","0.001","1"],["9476.7","0.00197995","1"],["9477","0.003","1"],["9477.2","0.15859086","1"],["9477.8","0.60654126","1"],["9478","0.5517963","1"],["9478.1","0.15855231","1"],["9479","2.37197043","4"],["9479.1","0.02756083","1"],["9479.2","0.02","1"],["9479.5","0.102041","1"],["9479.8","0.001","1"],["9480","3.59764393","2"],["9480.8","0.00453151","1"],["9480.9","2.78771688","5"],["9481","5.14","2"],["9481.1","0.2","1"],["9481.3","0.00210941","1"],["9481.4","1.501","2"],["9481.5","2.11453483","1"],["9481.6","0.01117661","1"],["9481.7","0.00116012","1"],["9481.9","0.1659481","2"],["9482.7","0.004","1"],["9482.8","0.16955422","2"],["9483.1","0.01148856","2"],["9483.8","0.00643607","2"],["9483.9","1.579","2"],["9484","0.02","1"],["9484.1","0.2","1"],["9484.2","0.055","1"],["9484.7","0.03","1"],["9485","0.09378464","1"],["9485.2","0.01","1"],["9485.3","0.04","1"],["9485.5","0.00452926","1"],["9485.7","0.03","1"],["9485.8","0.06","2"],["9486","0.06","2"],["9486.1","0.00210834","1"],["9486.2","0.001","1"],["9486.7","0.00142","1"],["9487.1","0.02362193","1"],["9487.4","0.03","1"],["9487.8","0.111","1"],["9488.6","0.03527214","2"],["9488.7","0.18377656","1"],["9489.2","0.03","1"],["9489.3","0.03527696","2"],["9489.7","0.306123","2"],["9489.8","0.00550251","1"],["9489.9","0.03","1"],["9490.2","0.00452701","1"],["9490.3","0.001","1"],["9490.4","0.05379235","2"],["9490.9","0.00210728","1"],["9491.6","0.03","1"],["9492.1","0.01429087","1"],["9493","0.01546381","1"],["9493.1","0.00115873","1"],["9493.4","0.00526948","1"],["9494.9","0.00452476","1"],["9495","0.02","1"],["9495.2","0.01178421","2"],["9495.3","0.00192199","1"],["9495.7","0.00210621","1"],["9495.8","0.0049925","1"],["9496.7","0.0230879","2"],["9497.1","0.03","1"],["9498","0.004","1"],["9498.2","0.00526681","1"],["9498.5","0.00232178","1"],["9498.9","0.3497798","1"],["9499.2","0.0716","1"],["9499.3","10.5422","1"],["9499.6","0.00452251","1"],["9499.9","0.00799969","2"],["9500","8.66252819","10"],["9500.8","0.001","1"],["9503","0.00526415","1"],["9503.3","0.01148856","2"],["9503.5","2.33808596","1"],["9504.1","0.001","1"],["9504.2","1.85585052","1"],["9504.3","0.00452027","1"],["9504.5","0.00115734","1"],["9505.4","0.004547","1"],["9505.9","0.0726","3"],["9506","0.00116462","1"],["9506.7","0.00115848","1"],["9506.9","0.31143128","1"],["9507.6","1.5","1"],["9507.7","0.00417255","1"],["9507.8","0.00526149","1"],["9508.2","1.54294","2"],["9508.5","0.03","1"],["9509.1","0.00451802","1"],["9509.6","0.10204084","4"],["9509.8","0.00190165","1"],["9510","0.1983917","2"],["9510.2","0.306123","2"],["9510.4","0.00260039","1"],["9511.3","0.001","1"],["9511.4","0.109","1"],["9511.7","2.6","2"],["9512.6","0.00525884","1"],["9513.4","0.01546381","1"],["9513.8","0.00977129","2"],["9514.5","2.11397495","1"],["9514.9","0.00741021","1"],["9515.4","0.04193364","1"],["9516","0.00115594","1"],["9516.5","2.11214149","1"],["9516.7","2.57942208","2"],["9516.9","0.02","1"],["9517.2","0.00101","1"],["9517.4","1.50725618","2"],["9517.7","0.02354599","1"],["9518.2","0.00115707","1"],["9518.5","0.00451355","1"],["9519.1","0.00669","2"],["9519.2","0.05363","2"],["9520","0.03378309","2"],["9520.1","0.00308032","1"],["9520.4","0.102041","1"],["9520.6","0.001","1"],["9521.5","0.00106","1"],["9521.9","0.00310042","2"],["9522","0.005","1"],["9522.2","0.08336519","3"],["9522.3","0.01","1"],["9523.2","0.00451131","1"],["9523.4","3.6467171","1"],["9523.6","0.02577943","3"],["9523.9","0.692","1"],["9524","0.001","1"],["9524.2","0.00197995","1"],["9525.1","4.12148637","2"],["9525.3","0.031717","1"],["9525.4","0.04","1"],["9526.3","0.003863","1"],["9526.9","0.04193364","1"],["9527","0.00525088","1"],["9527.1","0.1656938","1"],["9527.7","2.19360391","1"],["9527.8","0.02","1"],["9527.9","0.00450908","1"],["9528.8","0.09706592","3"],["9529.7","0.00115568","1"],["9530.4","0.043","2"],["9530.6","0.306123","2"],["9531.8","0.00524824","1"],["9532.6","0.00450685","1"],["9533","0.05033707","1"],["9533.4","0.001914","1"],["9533.9","0.01546381","1"],["9534.4","0.0019","1"],["9534.7","0.011509","1"],["9534.9","0.09297706","1"],["9535.1","0.42298724","1"],["9535.6","0.02739742","1"],["9535.7","0.1","1"],["9536","0.00550251","1"],["9536.6","0.00524559","1"],["9536.8","0.055","1"],["9537.4","0.00450462","1"],["9537.5","0.01057916","1"],["9538.3","3.72664552","1"],["9538.4","0.05352194","2"],["9538.8","0.02","1"],["9540.4","0.00142","1"],["9540.8","0.102041","1"],["9541","0.03928774","1"],["9541.2","0.00415428","2"],["9541.4","0.00524295","1"],["9541.9","9.59513977","2"],["9542.2","0.00450233","1"],["9542.5","0.00944951","2"],["9543.5","0.00307275","1"],["9543.9","0.01148856","2"],["9544.3","0.00497894","1"],["9544.6","0.04","1"],["9545.2","0.00157147","1"],["9546.2","0.00524032","1"],["9546.7","2.105","1"],["9547","0.00450007","1"],["9547.2","2.5118872","1"],["9548","0.06085259","3"],["9548.4","0.02347029","1"],["9548.6","0.01117661","1"],["9549.7","0.02","1"],["9550","1.37103066","7"],["9550.7","0.01098353","1"],["9551","0.31136068","3"],["9551.1","0.00369673","1"],["9551.3","2.325","1"],["9551.8","0.00764134","2"],["9552.3","0.00232178","1"],["9552.4","0.00763996","4"],["9552.7","0.00115289","1"],["9552.9","0.01","1"],["9554.3","0.01546381","1"],["9555","5.36665958","3"],["9555.2","0.01429087","1"],["9555.8","0.00978205","2"],["9556.6","0.00449554","1"],["9557","0.144","1"],["9557.2","0.00277","2"],["9557.6","0.05341432","2"],["9558","0.818","3"],["9558.1","0.68","1"],["9558.2","0.88934904","2"],["9558.3","0.34","1"],["9558.4","0.43","1"],["9558.5","0.610075","2"],["9558.6","0.65","1"],["9558.7","0.33","1"],["9558.8","0.88","1"],["9558.9","0.9","1"],["9559.1","0.59","1"],["9559.2","0.47766992","1"],["9559.7","0.00116462","1"],["9560","1.34890753","7"],["9560.6","0.00523242","1"],["9560.7","0.02","1"],["9561.2","0.103641","2"],["9561.4","0.00849327","2"],["9561.5","0.00374497","1"],["9561.6","0.00522925","1"],["9562","0.0082","1"],["9562.3","0.02","1"],["9564.2","0.01264006","3"],["9564.7","0.0125","1"],["9565","1.54583602","2"],["9565.4","0.00522979","1"],["9565.5","0.00101","1"],["9566.3","0.00449101","1"],["9566.7","0.00535","2"],["9567","0.00306521","1"],["9567.2","0.05336067","2"],["9568.1","1.11829331","2"],["9568.9","0.00260039","1"],["9569.8","0.0020899","1"],["9570","1.70352321","7"],["9570.1","0.00748531","1"],["9570.2","0.00522717","1"],["9570.4","0.0985417","1"],["9571.1","0.00448874","1"],["9571.4","0.31040665","3"],["9571.5","0.006","1"],["9571.7","0.02","1"],["9571.8","0.00197995","1"],["9572","0.32941328","2"],["9572.3","4.268","1"],["9573","0.0013986","1"],["9573.4","0.00891151","2"],["9573.7","0.00248637","1"],["9574.8","0.01546381","1"],["9575","0.39873107","3"],["9575.1","0.00105701","1"],["9575.2","0.06678287","1"],["9575.4","0.008","1"],["9575.7","0.00115012","1"],["9575.9","0.00549649","2"],["9576.3","0.007628","4"],["9576.5","0.003","1"],["9576.8","0.05431712","3"],["9577","0.01","1"],["9577.1","0.01533336","1"],["9577.2","0.00417255","1"],["9577.5","0.00125293","1"],["9578.8","0.015706","4"],["9579","2.21518103","2"],["9579.2","0.02339483","1"],["9579.5","0.30056451","1"],["9579.8","0.00522193","1"],["9580","1.61375511","13"],["9580.2","2.09607471","1"],["9580.5","0.01376005","2"],["9580.7","0.00448423","1"],["9581.3","0.00735891","1"],["9581.6","0.102041","1"],["9582.1","0.00257949","1"],["9582.3","0.00550251","1"],["9582.6","0.52","2"],["9583.3","0.00371604","1"],["9583.4","0.00435388","1"],["9583.5","0.04","3"],["9584.5","0.01148856","2"],["9584.6","0.00521931","1"],["9584.8","0.01094443","1"],["9585.5","0.00448198","1"],["9585.7","0.008","1"],["9585.8","0.07919884","1"],["9586","0.206791","3"],["9586.2","0.01344","1"],["9586.4","0.05325368","2"],["9586.6","1","1"],["9586.8","0.01429087","1"],["9586.9","0.0475","1"],["9587.3","0.00114874","1"],["9588","0.99454688","2"],["9588.3","0.00792337","1"],["9588.5","0.23922058","2"],["9589","0.23043165","2"],["9589.3","0.01717778","1"],["9589.4","0.0602167","2"],["9589.6","0.00173534","1"]],"bids":[["9461.5","0.00302976","2"],["9460.7","0.04422224","5"],["9460.6","0.17651793","1"],["9460.3","0.2","1"],["9460.2","0.016","1"],["9460.1","0.018","2"],["9460","0.072","2"],["9459.9","0.001","1"],["9459.8","0.055","3"],["9459.7","0.19998","1"],["9459.5","0.00162525","1"],["9459.2","0.50794165","2"],["9459.1","0.001","1"],["9458.9","0.0015","1"],["9458.8","0.34099959","4"],["9458.7","1.3","1"],["9458.5","0.5","1"],["9458.3","1","1"],["9458","0.032","1"],["9457.9","0.0124485","1"],["9457.8","1.257","3"],["9457.7","0.3042276","2"],["9457.5","0.64","2"],["9457.4","0.00599341","3"],["9457.3","0.13311369","2"],["9457.2","0.04526458","2"],["9457.1","0.04","1"],["9457","0.07","1"],["9456.9","0.00211438","1"],["9456.7","0.12068187","1"],["9456.6","0.0042276","1"],["9456.4","0.151","2"],["9456.3","3.84","2"],["9456.2","0.17943373","1"],["9456.1","0.00526471","1"],["9455.9","0.10746614","1"],["9455.8","0.604","2"],["9455.7","0.15","1"],["9455.6","0.12790357","2"],["9455.4","0.05285286","1"],["9455.3","0.71","2"],["9455.2","0.015","1"],["9455.1","0.164","2"],["9455","0.0052882","1"],["9454.8","0.075","1"],["9454.7","1","1"],["9454.4","0.66","1"],["9454.3","0.1","1"],["9454.2","0.1010347","3"],["9454.1","0.35285957","3"],["9453.8","0.05263878","1"],["9453.7","0.05513282","1"],["9453.5","0.26438213","2"],["9453.3","0.434","1"],["9453.1","0.222149","1"],["9453","0.89209037","4"],["9452.9","0.05586101","2"],["9452.8","0.05285233","1"],["9452.6","0.10663474","3"],["9452.5","0.94415243","6"],["9452.4","0.05395454","2"],["9452.3","0.10550286","2"],["9452","0.4228712","1"],["9451.7","0.053","1"],["9451.6","0.15869321","1"],["9451.5","0.09196164","1"],["9451.4","0.16552986","1"],["9451.3","0.4151","1"],["9450.9","0.00294","1"],["9450.7","0.15871","1"],["9450.6","0.115","1"],["9450.5","0.0333","1"],["9450.2","0.13212489","2"],["9450","0.05","1"],["9449.7","0.15873351","1"],["9449.6","0.00116407","1"],["9448.9","0.102041","1"],["9448.8","0.15874527","1"],["9448.5","0.105","1"],["9448.4","0.001","1"],["9448.3","0.00303","1"],["9447.8","0.15976207","2"],["9447.7","0.00211584","1"],["9447.6","0.3","1"],["9447.5","0.00116292","1"],["9447.3","0.4102","2"],["9447.1","1.16285046","2"],["9447","0.0199996","1"],["9446.9","0.15876543","1"],["9446.6","0.634","3"],["9446.5","0.1103","1"],["9446.3","0.003","1"],["9446.1","0.6","2"],["9445.9","0.15879401","1"],["9445.4","0.24603058","3"],["9445.2","0.6","2"],["9445","0.50116108","3"],["9444.1","0.15882764","1"],["9443.8","0.3","1"],["9443.2","0.0496","1"],["9443.1","0.15883941","1"],["9443","0.001","1"],["9442.9","0.05612573","3"],["9442.8","0.60685414","1"],["9442.7","2.88","2"],["9442.6","8.67185505","1"],["9442.2","0.15885959","1"],["9441.4","0.0529","1"],["9441.3","1.5","1"],["9441.2","0.15887474","1"],["9440.6","0.00529627","1"],["9440.5","0.03","1"],["9440.3","0.15888652","1"],["9439.5","0.55175539","1"],["9439.3","0.15888988","1"],["9438.7","0.102041","1"],["9438.4","0.17160996","2"],["9438.2","2.53925856","3"],["9438.1","0.00211799","1"],["9438","0.001","1"],["9437.8","2.12432806","2"],["9437.6","0.5246","2"],["9437.5","0.15890672","1"],["9436.8","2.11403417","1"],["9436.6","0.5","1"],["9436.5","0.15865125","1"],["9436.1","0.00116432","1"],["9436","0.01999959","1"],["9435.8","0.00529896","1"],["9435","0.03","1"],["9433.8","0.2","1"],["9433.4","0.05406321","2"],["9433.3","0.00211907","1"],["9433.1","0.03","1"],["9432.3","0.02","1"],["9432.2","0.03","1"],["9431.6","0.01546381","1"],["9431","0.00530166","1"],["9430.9","0.03","1"],["9430.7","0.06","2"],["9428.9","0.01883142","2"],["9428.6","3.5","1"],["9428.5","0.30824314","3"],["9428.3","0.03","1"],["9428.1","1.079","1"],["9427.6","0.031","2"],["9427.4","0.01139017","1"],["9427.3","0.111","1"],["9427.1","0.03","1"],["9427","0.03","1"],["9426.9","0.00310313","1"],["9426.8","0.00116688","1"],["9426.2","0.02900247","2"],["9425.2","0.03","1"],["9425.1","0.03","1"],["9424.7","0.00116573","1"],["9424.3","0.00181099","1"],["9424.2","0.00454281","1"],["9423.9","0.05411772","2"],["9423.7","0.00212122","1"],["9422.8","0.14601048","1"],["9422.2","0.01148856","2"],["9421.7","0.03","1"],["9421.4","0.00530706","1"],["9419.5","1.23531311","2"],["9419.1","0.00105","1"],["9418.9","0.0021223","1"],["9418.3","2.4612778","2"],["9417.2","0.001","1"],["9416.3","1.5","1"],["9416.2","0.00746192","1"],["9415.4","0.01226999","2"],["9415","1.76712411","2"],["9414.8","0.00454735","1"],["9414.4","0.05417232","2"],["9414.1","0.02212298","2"],["9413.4","0.00116714","1"],["9412.7","10.5422","1"],["9411.1","0.01546381","1"],["9410.9","0.00978255","1"],["9410.8","0.03","1"],["9410.1","0.00454962","1"],["9410","5.98895193","3"],["9409.3","0.00212447","1"],["9408.1","0.306123","2"],["9406.8","0.001","1"],["9405.4","0.00455189","1"],["9404.9","2.16820199","3"],["9404.5","0.00667255","2"],["9404.1","0.0011697","1"],["9403.8","0.00311075","1"],["9403.5","0.00417255","1"],["9403.2","0.173","2"],["9403.1","0.01","1"],["9402.1","0.00116854","1"],["9402","0.01148856","2"],["9401","1","1"],["9400.7","0.00455417","1"],["9400.1","0.003","1"],["9400","18.11165578","40"],["9399.9","0.00101","1"],["9399.8","0.00212664","1"],["9399.5","0.06678287","1"],["9399","0.01996153","1"],["9398.7","0.04195193","1"],["9398.6","0.00116462","1"],["9397.9","0.102041","1"],["9397.3","0.01979338","2"],["9396.4","0.001","1"],["9396","0.13895186","2"],["9395.9","0.12377454","2"],["9395.4","0.05428187","2"],["9395.1","0.0021277","1"],["9394.9","0.1656938","1"],["9394.5","0.00571332","2"],["9394","2.66728363","2"],["9393.2","0.08308072","1"],["9392.9","0.05132","2"],["9392.2","0.02","1"],["9391.6","2.601","3"],["9391.3","0.50455872","2"],["9391","0.0454","1"],["9390.8","2.22907421","3"],["9390.7","0.01546381","1"],["9390.4","0.00212876","1"],["9390.2","0.004","1"],["9390","1.06145328","2"],["9389.2","0.0985417","1"],["9388.8","0.00127811","1"],["9388.7","0.0015","1"],["9388","7.93649549","2"],["9387.7","0.29970804","3"],["9387.5","0.00132","1"],["9387.1","0.001065","1"],["9387","0.002","1"],["9386.6","0.00456101","1"],["9386","0.05533624","3"],["9385.7","0.00313983","2"],["9385.3","0.004","1"],["9385.1","0.14336763","1"],["9385","0.00524588","1"],["9384.8","0.00439971","1"],["9383.5","0.00748792","1"],["9383","1.725","1"],["9382.9","0.00527696","1"],["9382.3","0.00500499","1"],["9381.9","0.01570463","2"],["9381.7","0.01148856","2"],["9381.5","0.00297995","2"],["9381.2","3.51985983","2"],["9381","0.0021309","1"],["9380.8","0.03198021","1"],["9380.7","0.00311841","1"],["9380.3","0.05870296","1"],["9380","4.19984192","12"],["9379.6","0.00820101","1"],["9379.5","0.00117135","1"],["9379.4","0.00390637","2"],["9378.9","0.055","1"],["9378.6","0.00310584","1"],["9378.5","0.00105701","1"],["9378.3","0.00311526","1"],["9378","0.06564575","1"],["9377.5","0.103541","2"],["9377.2","0.00456558","1"],["9376.8","0.5","1"],["9376.7","0.31143128","1"],["9376.6","0.03892668","1"],["9376.3","2.14513196","2"],["9375.8","3.29533187","2"],["9375.7","0.1","1"],["9375.6","0.001","1"],["9375.5","0.00310599","1"],["9375.2","0.05532384","1"],["9375","0.10301","3"],["9373.6","0.00109242","1"],["9372.5","0.00456787","1"],["9372.4","0.00101","1"],["9372","0.3","1"],["9371.6","0.00213303","1"],["9371.5","2.325","1"],["9371","0.23924878","2"],["9370.3","0.02","1"],["9370.2","0.03842559","3"],["9370","2.5450181","7"],["9369.7","0.00721776","2"],["9369.3","0.00291151","1"],["9369","0.032","3"],["9368.8","0.00212158","1"],["9368.7","0.00417255","1"],["9368.2","0.00117277","1"],["9368","1.17310953","1"],["9367.9","0.004","1"],["9367.8","0.00457016","1"],["9367.3","0.31209828","3"],["9367.2","0.03896575","1"],["9367.1","0.03830417","2"],["9367","0.06909083","1"],["9366.9","0.02226011","2"],["9366.6","0.0627783","1"],["9366.3","0.0015","1"],["9366","1.01514414","2"],["9365.7","0.03814207","2"],["9365.5","0.00845201","2"],["9365.2","0.001","1"],["9365","0.00107114","1"],["9364.8","0.003","1"],["9363.4","0.003417","1"],["9363.1","0.16681635","2"],["9362.2","0.00213517","1"],["9361.8","1.33338685","1"],["9361.4","0.01148856","2"],["9361.1","1","1"],["9360","2.15053528","6"],["9359.3","0.02","1"],["9359.1","3.53508327","1"],["9359","0.00101","1"],["9358.9","0.8","1"],["9358.6","5.4488","1"],["9358.4","4.83274504","2"],["9358.3","0.15","1"],["9358","7.76582534","3"],["9357.8","0.01533336","1"],["9357.7","0.00312608","1"],["9357.5","0.03740207","2"],["9357.4","0.09297706","1"],["9357.1","0.10632465","2"],["9356.9","0.00117418","1"],["9355.5","0.04","1"],["9355.3","0.00160338","1"],["9355.1","0.00253","2"],["9355","2.50591713","3"],["9354.9","0.001","1"],["9354.2","0.163","1"],["9354.1","0.03100597","2"],["9353.7","0.00457705","1"],["9353","0.01","1"],["9352.9","0.30245748","1"],["9352.8","0.00213732","1"],["9352.2","0.011509","1"],["9351.9","0.5032079","2"],["9351","0.20550251","2"],["9350.9","0.00751403","1"],["9350","17.09125255","49"],["9349.8","0.01546381","1"],["9349","0.00457935","1"],["9348.8","0.01732192","1"],["9348.5","0.01118115","1"],["9348.4","0.02","1"],["9348.1","0.00213839","1"],["9347.4","0.01117661","1"],["9346.9","0.307133","3"],["9345.6","0.0011756","1"],["9345.4","0.01","1"],["9345","0.86029422","4"],["9344.6","0.001","1"],["9344.3","0.00458165","1"],["9344","0.50068039","1"],["9343.9","0.03","1"],["9343.8","0.0015","1"],["9343.4","0.00213947","1"],["9342.1","0.003522","2"],["9341.7","0.00497894","1"],["9341.1","0.01148856","2"],["9341","1.40125043","2"],["9340.9","2.4761566","1"],["9340.4","0.00213","2"],["9340","0.09482611","2"],["9339.6","0.00458396","1"],["9339","0.70189741","1"],["9338.7","0.01714054","2"],["9338.1","0.03379657","1"],["9337.8","0.02801608","1"],["9337.4","0.02","1"],["9337.1","0.00260039","1"],["9337","0.27197583","2"],["9336.7","4.62841323","3"],["9336","0.77699997","1"],["9335.6","0.0239281","1"],["9335.5","0.0013","1"],["9335","0.73646034","3"],["9334.9","0.00458627","1"],["9334.8","0.04","1"],["9334.7","0.00313378","1"],["9334.5","0.004","1"],["9334.3","0.00217702","2"],["9334.2","0.31429087","2"],["9334","0.00829412","3"],["9333.6","0.08408607","1"],["9333.3","0.00481418","2"],["9333","0.204","1"],["9332.7","0.03","1"],["9332.6","0.30461488","2"],["9332.3","0.001","1"],["9330.8","0.00248637","1"],["9330.2","0.02826962","2"],["9330","4.51841284","14"],["9329.7","0.00527696","1"],["9329.5","0.003","1"],["9329.3","0.01760651","2"]],"timestamp":"2020-05-30T21:05:57.353Z","checksum":368883126}]} 
31.05.2020 00:05:57 okex: {"table":"spot/depth","action":"update","data":[{"instrument_id":"BTC-USDT","asks":[["9461.6","3.40154872","8"],["9461.7","0.20303693","3"],["9461.8","0","0"],["9461.9","0.80414772","4"],["9462.2","0.013","2"],["9462.3","0.007","1"],["9463.2","0.014","1"],["9464","0","0"],["9464.1","0.75811996","3"],["9464.4","0.42284773","1"],["9464.5","0.28615127","3"],["9464.9","0.37021955","2"],["9465","7.24673394","3"],["9465.3","0.00203","1"],["9466.2","0.65872665","4"],["9466.3","0.00727615","2"],["9474.9","0","0"],["9479","0.25761443","3"],["9589.8","0.003238","1"]],"bids":[["9460.2","0.024","2"],["9460.1","0.065","4"],["9459.8","0","0"],["9459.7","0","0"],["9459.3","0.19998","1"],["9459","0.001","1"],["9458.9","0.2015","2"],["9458.7","2.3","2"],["9458.4","0.032","1"],["9458.3","0","0"],["9458.1","0.17","1"],["9458","0","0"],["9457.4","0.13699341","4"],["9457.3","0.50211369","2"],["9456","0.10575294","1"],["9455.8","0.104","1"],["9454.5","0.01180979","1"],["9454.3","0.20571193","2"],["9453.1","0.43357286","2"],["9453","1.3149381","5"],["9437.8","0.01","1"],["9329.5","0","0"],["9329.3","0","0"]],"timestamp":"2020-05-30T21:05:57.455Z","checksum":-395608401}]} 
31.05.2020 00:05:57 okex: {"table":"spot/depth","action":"update","data":[{"instrument_id":"BTC-USDT","asks":[["9461.6","0.55117952","7"],["9462.2","0","0"],["9462.3","0","0"],["9462.4","0.214","4"],["9463.1","0.1","1"],["9463.6","0.6080072","3"],["9463.7","0","0"],["9463.9","0.448","2"],["9464.1","0.17417831","1"],["9464.3","0.39371332","4"],["9464.4","0","0"],["9464.5","0.29859828","4"],["9464.9","0.15879569","1"],["9465","7.75267559","4"],["9465.8","0.15877384","1"],["9466","0","0"],["9467.4","0.91933336","4"],["9467.8","1.188","2"],["9470.8","0.4413","1"],["9480.7","2.11445212","1"],["9482.8","0.01106222","1"],["9541.9","6.09513977","1"],["9590","2.53074288","7"],["9590.3","0.00447973","1"],["9590.5","0.00305769","1"]],"bids":[["9461.5","3.69302976","3"],["9460.7","0.05477549","6"],["9460.4","0.058","5"],["9460.2","0","0"],["9460.1","0.50594165","1"],["9459.2","0.002","1"],["9458.8","0.20399959","3"],["9458.1","0","0"],["9458","0.17","1"],["9457.6","0.131","1"],["9457.4","0.00599341","3"],["9456.7","0.64868187","2"],["9455.7","0","0"],["9453.1","0.222149","1"],["9453","0.89209037","4"],["9451.7","0","0"],["9439","2.11445212","1"],["9435.6","0.15865628","1"],["9381.2","0.02","1"],["9329.7","0","0"]],"timestamp":"2020-05-30T21:05:57.558Z","checksum":-688220278}]} 
31.05.2020 00:05:57 okex: {"event":"subscribe","channel":"spot/depth:LTC-USDT"} 
31.05.2020 00:05:57 okex: {"table":"spot/depth","action":"partial","data":[{"instrument_id":"LTC-USDT","asks":[["46.83","0.342272","6"],["46.84","360.705632","8"],["46.85","11.332381","5"],["46.86","456.778004","9"],["46.87","592.244182","11"],["46.88","528.299072","10"],["46.89","157.313716","10"],["46.9","47.642857","5"],["46.91","168.151153","8"],["46.92","675.785533","11"],["46.93","52.128069","5"],["46.94","72.030749","3"],["46.95","186.122358","6"],["46.96","273.473882","12"],["46.97","6.661986","6"],["46.98","196.778996","5"],["46.99","57.991955","4"],["47","66.262328","6"],["47.01","4.450978","2"],["47.02","236.892163","2"],["47.03","306.254606","3"],["47.04","1838.851608","4"],["47.05","67.793108","2"],["47.06","205.541098","2"],["47.07","147.489668","4"],["47.08","0.052378","1"],["47.09","3.279744","1"],["47.1","169.151","3"],["47.11","0.852032","1"],["47.13","14.514","1"],["47.14","270.97089","3"],["47.15","0.00101","1"],["47.16","0.029708","2"],["47.17","223.370201","3"],["47.19","0.292094","1"],["47.2","50.029508","2"],["47.22","0.457244","3"],["47.23","299.999999","1"],["47.24","66.597285","4"],["47.25","13.298767","1"],["47.28","244.228504","3"],["47.29","0.138","3"],["47.3","72.596","11"],["47.31","0.198","5"],["47.32","0.333085","4"],["47.33","39.404808","4"],["47.34","12.094446","6"],["47.35","17.506324","7"],["47.36","0.119678","4"],["47.38","12","1"],["47.39","0.033754","3"],["47.4","12.726984","7"],["47.41","306.336","3"],["47.42","6.55582","5"],["47.43","0.56","3"],["47.44","0.09101","4"],["47.45","10.086679","6"],["47.46","0.382094","4"],["47.47","0.509971","3"],["47.48","0.09","3"],["47.49","0.178996","3"],["47.5","123.844373","17"],["47.51","6.43","3"],["47.52","0.119678","4"],["47.53","0.06","2"],["47.54","0.09667","4"],["47.55","10.09","5"],["47.56","3.09202","6"],["47.57","0.182","3"],["47.58","12.95","4"],["47.59","21.534","4"],["47.6","99.149651","10"],["47.61","0.11","3"],["47.62","0.097744","4"],["47.63","0.06101","3"],["47.64","0.09","3"],["47.65","10.062994","5"],["47.66","0.144295","4"],["47.67","49.538723","4"],["47.68","0.119678","4"],["47.69","2.475659","3"],["47.7","42.59","7"],["47.71","14.34203","4"],["47.72","359.46007","5"],["47.73","1.169105","6"],["47.74","0.09","3"],["47.75","10.178996","5"],["47.76","0.09","3"],["47.77","0.06","2"],["47.78","0.59","4"],["47.79","0.094896","3"],["47.8","58.617476","6"],["47.81","0.06","2"],["47.82","0.09","3"],["47.83","2.008243","4"],["47.84","1.877678","5"],["47.85","11.093437","8"],["47.86","0.143388","5"],["47.87","0.06","2"],["47.88","304.925623","6"],["47.89","66.79","4"],["47.9","10.09","5"],["47.91","54.06","3"],["47.92","2.09","4"],["47.93","0.303085","3"],["47.94","0.09","3"],["47.95","11.235942","5"],["47.96","12.09","4"],["47.97","0.445","3"],["47.98","20.09","4"],["47.99","5.807158","6"],["48","673.811334","47"],["48.01","0.086421","4"],["48.02","0.09","3"],["48.03","815.712","3"],["48.04","2.488191","4"],["48.05","15.062994","6"],["48.06","0.720234","6"],["48.07","0.06","2"],["48.08","0.10307","4"],["48.09","0.114295","3"],["48.1","45.12801","8"],["48.12","0.052378","1"],["48.14","0.5","1"],["48.15","15","3"],["48.16","1.855921","2"],["48.18","0.028891","1"],["48.2","31.108547","5"],["48.21","54","1"],["48.24","0.449971","1"],["48.25","20","4"],["48.26","0.118996","1"],["48.29","6.254845","2"],["48.3","16.521448","5"],["48.32","0.5631","2"],["48.33","2.826243","2"],["48.34","0.00101","1"],["48.35","15.324185","5"],["48.36","0.12301","2"],["48.37","0.007273","2"],["48.38","0.052378","1"],["48.39","3.004724","2"],["48.4","10","2"],["48.44","2.01307","2"],["48.45","10.349459","3"],["48.46","0.002994","1"],["48.48","65.120578","2"],["48.5","490.269173","13"],["48.51","0.673291","3"],["48.52","54","1"],["48.53","12","1"],["48.54","5","1"],["48.55","10.243085","3"],["48.57","0.977755","5"],["48.58","2.809427","3"],["48.59","0.021321","1"],["48.6","10.2","3"],["48.62","20","1"],["48.63","0.122","1"],["48.64","5.077056","3"],["48.65","25.391527","3"],["48.68","10","1"],["48.7","10","2"],["48.71","0.379","1"],["48.73","0.619565","1"],["48.74","2.363633","1"],["48.75","10.057273","5"],["48.76","0.449971","1"],["48.77","0.118996","1"],["48.8","13.422748","6"],["48.82","54.00101","2"],["48.85","73.154845","4"],["48.86","19.497748","2"],["48.87","0.5","1"],["48.88","0.021194","1"],["48.89","1.122","2"],["48.9","37.957476","4"],["48.91","0.052378","1"],["48.94","2.494295","2"],["48.95","15","3"],["48.96","2","1"],["48.97","0.029678","1"],["48.99","2.44","1"],["49","1290.062093","28"],["49.01","0.449971","1"],["49.02","0.118996","1"],["49.05","15","3"],["49.06","1.673564","2"],["49.07","0.617306","3"],["49.1","397.466254","5"],["49.11","12","1"],["49.13","108.455595","6"],["49.14","0.029678","1"],["49.15","15","3"],["49.16","0.122","1"],["49.17","0.277224","3"],["49.2","34.926088","5"],["49.22","67.330405","3"],["49.24","0.5","1"],["49.25","10","2"],["49.27","0.452965","2"],["49.28","1.090896","4"],["49.3","10.00101","3"],["49.31","0.789678","2"],["49.35","10","2"],["49.36","0.054295","1"],["49.39","256.097756","1"],["49.4","20","3"],["49.41","0.640951","2"],["49.42","0.122","1"],["49.43","45.378932","1"],["49.45","10.00667","3"],["49.46","2.724518","3"],["49.48","2.029678","2"],["49.49","63.99","1"],["49.5","126.73008","8"],["49.51","0.007273","2"],["49.52","11.669242","1"],["49.53","0.582037","3"],["49.54","0.00101","1"],["49.55","11","3"],["49.58","0.00202","2"],["49.6","11.1678","3"],["49.61","0.624185","2"],["49.65","10.029678","3"],["49.66","0.325437","1"],["49.68","0.002994","1"],["49.69","12.126845","3"],["49.7","11","3"],["49.73","54.14","2"],["49.75","16.154269","4"],["49.76","0.02082","1"],["49.78","0.00101","1"],["49.79","0.416376","3"],["49.8","68.709051","6"],["49.82","2.342406","2"],["49.85","52.43066","4"],["49.89","2.904476","2"],["49.9","12.100434","5"],["49.93","5546.788387","1"],["49.94","27412.915691","4"],["49.95","14.71136","4"],["49.96","3609.328131","3"],["49.97","0.004845","1"],["49.98","0.5","1"],["49.99","4658.897506","5"],["50","2797.650599","67"],["50.02","0.00101","1"],["50.04","42.125191","1"],["50.05","10.020696","3"],["50.08","0.005014","3"],["50.1","8304.26181","9"],["50.14","0.1447","1"],["50.15","93850.719397","3"],["50.16","0.029678","1"],["50.18","2.296004","1"],["50.2","31.874842","4"],["50.21","0.422295","2"],["50.22","7.68443","2"],["50.25","10.017915","4"],["50.26","12.00101","2"],["50.28","0.007273","2"],["50.3","10","2"],["50.33","0.029678","1"],["50.34","54","1"],["50.35","10.020574","3"],["50.36","0.5","1"],["50.38","300.03575","1"],["50.4","10.00667","3"],["50.43","46.043727","1"],["50.45","10.636106","3"],["50.48","0.122","1"],["50.49","0.002994","1"],["50.5","303.249754","7"],["50.53","0.004845","1"],["50.55","57244.969296","5"],["50.58","34.965","1"],["50.59","0.00202","2"],["50.6","238.130781","5"],["50.61","57.437346","1"],["50.62","0.01307","1"],["50.63","2.99625","1"],["50.64","0.054295","1"],["50.65","64.020452","4"],["50.66","0.007273","2"],["50.67","0.029678","1"],["50.69","0.093028","1"],["50.7","32","4"],["50.71","0.122228","1"],["50.72","0.05","1"],["50.74","0.50101","2"],["50.75","10.122","3"],["50.78","0.312332","1"],["50.8","41.117246","5"],["50.81","0.004845","1"],["50.84","12.029678","2"],["50.85","10","2"],["50.86","0.124185","1"],["50.89","0.002994","1"],["50.9","10","2"],["50.93","0.305847","1"],["50.95","64","3"],["50.96","0.023433","1"],["50.98","0.01408","2"],["51","830.387894","18"],["51.01","0.029678","1"],["51.02","0.122","1"],["51.03","7.179215","1"],["51.04","0.007273","2"],["51.05","5","1"],["51.06","0.054295","1"],["51.09","0.006865","3"],["51.1","5","1"],["51.12","0.50101","2"],["51.13","56.698775","1"],["51.15","5.636106","2"],["51.18","0.029678","1"],["51.2","5","1"],["51.22","0.00101","1"],["51.25","5.495884","3"],["51.26","54.387821","3"],["51.28","8.122","2"],["51.29","7.80613","1"],["51.3","12.694449","4"],["51.33","3.5","1"],["51.34","0.01307","1"],["51.35","10.036348","4"],["51.37","55.524013","1"],["51.38","0.097873","2"],["51.39","72.271443","1"],["51.4","10.369798","3"],["51.42","12.129501","4"],["51.45","10","2"],["51.46","7.98701","2"],["51.49","0.054295","1"],["51.5","330.416472","6"],["51.51","152.238155","3"],["51.52","0.029678","1"],["51.55","10.122","3"],["51.56","54","1"],["51.57","0.023433","1"],["51.6","10.00202","4"],["51.64","0.2086","1"],["51.65","10","2"],["51.66","5","1"],["51.69","0.029678","1"],["51.7","10.017074","5"],["51.75","10","2"],["51.77","0.357","1"],["51.8","56.110124","3"],["51.81","0.129273","3"],["51.85","10","2"],["51.86","54","1"],["51.87","0.665784","2"],["51.89","0.5","1"],["51.9","10","2"],["51.91","0.054295","1"],["51.94","0.00101","1"],["51.95","10","2"],["52","642.355187","29"],["52.04","0.00101","1"],["52.05","10.029678","3"],["52.07","0.01307","1"],["52.08","0.215028","2"],["52.1","17.00202","6"],["52.11","0.002994","1"],["52.12","0.341485","2"],["52.14","0.122228","1"],["52.15","10","2"],["52.17","54","1"],["52.18","0.00101","1"],["52.19","0.007273","2"],["52.2","10","2"],["52.23","0.665784","2"],["52.25","10","2"],["52.28","2.385787","2"],["52.3","10.00667","3"],["52.33","7.364067","1"],["52.34","0.176295","2"],["52.35","10","2"],["52.4","10","2"],["52.41","0.029678","1"],["52.42","0.00101","1"],["52.43","0.01307","1"],["52.45","5","1"],["52.47","54","1"],["52.5","6.542577","2"],["52.51","0.002994","1"],["52.55","5","1"],["52.57","0.007273","2"],["52.59","0.636106","1"],["52.6","5","1"],["52.61","0.12402","3"],["52.65","5","1"],["52.66","0.00101","1"],["52.68","0.5","1"],["52.7","46.532402","2"],["52.75","5","1"],["52.77","0.197323","3"],["52.78","54","1"]],"bids":[["46.82","0.001","1"],["46.81","23.750713","8"],["46.8","266.793222","11"],["46.79","261.739279","14"],["46.78","434.607097","15"],["46.77","617.931252","18"],["46.76","57.175228","5"],["46.75","413.836755","10"],["46.74","129.868983","5"],["46.73","86.981426","4"],["46.72","192.129003","10"],["46.71","933.983453","9"],["46.7","333.548585","4"],["46.69","123.961282","5"],["46.68","303.903227","3"],["46.67","5.08","1"],["46.66","24.353947","7"],["46.65","518.09004","6"],["46.64","236.966918","2"],["46.62","304.686001","3"],["46.61","538.382961","3"],["46.6","371.460904","4"],["46.59","141.8975","2"],["46.57","1.8645","1"],["46.56","156.105862","3"],["46.55","2407.752378","4"],["46.54","0.322303","1"],["46.53","224.586288","1"],["46.52","87.659708","2"],["46.51","0.122","1"],["46.47","0.12674","2"],["46.46","12.596273","3"],["46.45","28.149971","2"],["46.44","6.459948","1"],["46.43","0.004004","2"],["46.42","300.645876","2"],["46.41","0.292094","1"],["46.4","249.079769","3"],["46.39","289.480369","4"],["46.37","0.504","1"],["46.36","2","1"],["46.33","2.495902","3"],["46.31","45.779578","1"],["46.3","48.067239","3"],["46.29","0.613862","2"],["46.28","0.00101","1"],["46.27","0.01307","1"],["46.25","10.007744","2"],["46.24","241.882018","3"],["46.23","12","1"],["46.22","0.118996","1"],["46.21","0.03","1"],["46.2","1722.738346","7"],["46.19","9.831981","4"],["46.18","14.939","1"],["46.16","1.108547","1"],["46.15","15.292094","3"],["46.1","15.650368","3"],["46.08","54.280481","5"],["46.07","0.00101","1"],["46.06","0.586648","2"],["46.05","25.004845","4"],["46.03","10.968372","3"],["46.02","0.511744","2"],["46.01","329.149676","1"],["46","133.576813","7"],["45.99","22","1"],["45.97","0.122","1"],["45.96","0.216811","3"],["45.95","383.96701","4"],["45.94","0.050049","1"],["45.93","7.778971","2"],["45.92","0.030228","1"],["45.9","15.01307","3"],["45.89","0.292094","1"],["45.88","4.177188","1"],["45.86","9.00101","2"],["45.85","15","2"],["45.84","2.124185","2"],["45.83","0.56712","1"],["45.82","39.920716","1"],["45.8","31.2","4"],["45.79","0.007744","1"],["45.78","54.677385","3"],["45.77","23.557684","5"],["45.75","15","2"],["45.71","1.212896","5"],["45.7","15","2"],["45.69","0.007273","2"],["45.68","34.479807","5"],["45.67","553.504679","2"],["45.66","2.504926","1"],["45.65","27.00101","4"],["45.62","0.32252","2"],["45.61","0.00101","1"],["45.6","445.098582","8"],["45.56","0.007744","1"],["45.55","15","2"],["45.54","0.067365","2"],["45.51","332.840915","3"],["45.5","23","4"],["45.49","0.004845","1"],["45.48","0.348973","1"],["45.47","54.690984","4"],["45.46","0.243085","1"],["45.45","15.118996","3"],["45.44","0.122","1"],["45.43","0.00101","1"],["45.42","0.555791","2"],["45.4","45.619285","4"],["45.38","19.146187","1"],["45.37","0.57397","2"],["45.36","385.442094","2"],["45.35","16.864124","3"],["45.34","11.254376","2"],["45.33","2.530916","2"],["45.32","8.630628","4"],["45.31","0.007273","2"],["45.3","86.486353","4"],["45.25","62.909735","5"],["45.24","0.022762","1"],["45.23","22.00101","2"],["45.22","0.00101","1"],["45.21","0.004845","1"],["45.2","91.318996","8"],["45.19","5.202633","1"],["45.18","0.13507","2"],["45.17","54.030729","2"],["45.16","0.449971","1"],["45.15","15.664034","3"],["45.14","1.684336","2"],["45.11","0.054295","1"],["45.1","152.355119","5"],["45.07","12","1"],["45.05","15.342637","3"],["45.04","6.61","1"],["45.02","100.945632","2"],["45.01","973.601449","3"],["45","2202.89657","21"],["44.99","1.024278","4"],["44.97","0.022898","1"],["44.95","15","2"],["44.94","0.118996","1"],["44.93","0.012118","3"],["44.91","1.150709","3"],["44.9","15","2"],["44.88","112.129076","2"],["44.87","0.060935","2"],["44.86","54","1"],["44.85","15.243085","3"],["44.84","0.960747","2"],["44.82","0.01307","1"],["44.8","107.141141","7"],["44.77","23.963703","1"],["44.75","15.00101","3"],["44.72","0.083417","2"],["44.71","0.023034","1"],["44.7","15","2"],["44.69","0.174301","3"],["44.68","3.141779","2"],["44.66","0.504","1"],["44.65","119.066032","7"],["44.62","20","1"],["44.6","25.75508","4"],["44.59","0.124185","1"],["44.58","0.293104","2"],["44.57","0.031143","1"],["44.56","54","1"],["44.55","15.007273","4"],["44.53","0.673303","1"],["44.52","3.609707","1"],["44.51","0.00101","1"],["44.5","233.283747","11"],["44.48","0.007","7"],["44.46","0.052378","1"],["44.45","15.597797","4"],["44.44","0.023172","1"],["44.43","0.148996","2"],["44.42","0.038992","2"],["44.4","190.031764","5"],["44.39","0.449971","1"],["44.38","0.122","1"],["44.37","0.005855","2"],["44.36","2.57871","1"],["44.35","20","3"],["44.33","0.504","1"],["44.32","0.292094","1"],["44.3","55.518261","6"],["44.28","2.97089","3"],["44.27","0.032364","2"],["44.26","54.054295","2"],["44.25","29.844918","4"],["44.23","0.83072","2"],["44.22","0.677987","1"],["44.2","32.452378","6"],["44.19","0.007744","1"],["44.18","0.142306","2"],["44.17","374.047273","3"],["44.16","0.36741","2"],["44.15","20","3"],["44.14","0.449971","1"],["44.13","1.108547","1"],["44.12","0.153461","2"],["44.1","105.504719","4"],["44.09","0.017915","2"],["44.08","10","1"],["44.06","10.562888","1"],["44.05","20.292094","4"],["44.03","70.733866","3"],["44.01","75.190573","2"],["44","612.121564","21"],["43.98","0.03","1"],["43.97","6.811568","2"],["43.96","0.007744","1"],["43.95","69.00101","4"],["43.94","0.052378","1"],["43.92","12.825147","4"],["43.9","17.4239","3"],["43.88","17.209971","3"],["43.86","25.29","2"],["43.85","15.122","3"],["43.84","0.054295","1"],["43.82","0.031676","1"],["43.81","0.004845","1"],["43.8","25.6","3"],["43.79","0.886644","3"],["43.78","0.007273","2"],["43.77","0.00101","1"],["43.76","2","1"],["43.75","15","2"],["43.74","0.00101","1"],["43.73","0.382814","3"],["43.72","2.616412","1"],["43.7","34.71199","5"],["43.68","0.052378","1"],["43.67","0.150781","2"],["43.65","69.023589","4"],["43.62","1.449971","2"],["43.61","0.930536","2"],["43.6","668.467977","4"],["43.59","0.122","1"],["43.57","1.567427","3"],["43.55","15.00101","3"],["43.54","0.03","1"],["43.53","0.296939","2"],["43.52","0.032904","2"],["43.51","205.302081","4"],["43.5","702.271439","13"],["43.45","44","3"],["43.44","6.83","1"],["43.43","6.86","1"],["43.42","0.052378","1"],["43.41","0.173291","2"],["43.4","30.266473","8"],["43.37","0.495046","3"],["43.35","19.997754","4"],["43.34","66","2"],["43.33","0.124185","1"],["43.32","0.122","1"],["43.31","0.694253","3"],["43.3","26.350769","6"],["43.28","0.007744","1"],["43.27","0.292094","1"],["43.25","20.004845","4"],["43.24","2","1"],["43.22","0.032116","1"],["43.21","9.778639","1"],["43.2","30.6","4"],["43.17","8.39","1"],["43.16","7.071374","3"],["43.15","20","3"],["43.14","0.023871","1"],["43.13","0.602623","1"],["43.11","1.558518","2"],["43.1","20.00101","4"],["43.09","2.684666","2"],["43.08","40","1"],["43.07","0.033238","2"],["43.06","0.122","1"],["43.05","15.007744","3"],["43.04","54","1"],["43.02","0.007273","2"],["43.01","0.989141","2"],["43","623.67868","20"],["42.99","0.29738","2"],["42.97","0.004845","1"],["42.95","15.01","3"],["42.92","0.03234","1"],["42.91","0.605712","1"],["42.9","17.673596","6"],["42.89","0.053388","2"],["42.88","10.414814","3"],["42.85","11.421871","6"],["42.83","0.00101","1"],["42.82","0.007744","1"],["42.8","20.9","4"],["42.79","0.122","1"],["42.78","0.032446","1"],["42.77","2.674002","1"],["42.76","17.495016","2"],["42.75","10.292094","3"],["42.73","54","1"],["42.72","2.701896","2"],["42.7","30.101","5"],["42.69","0.613679","2"],["42.68","6.2","1"],["42.67","0.00101","1"],["42.65","15.650974","4"],["42.64","0.082896","5"],["42.63","0.115535","41"],["42.61","0.001","1"],["42.6","31.293971","49"],["42.59","0.008754","2"],["42.56","0.055295","2"],["42.55","20","3"],["42.53","0.122","1"],["42.5","452.717596","15"],["42.48","0.292094","1"],["42.47","3.305467","2"],["42.46","0.406464","2"],["42.45","10","2"],["42.43","54","1"],["42.42","0.706778","1"],["42.41","0.004845","1"],["42.4","20.9","4"],["42.39","0.118996","1"],["42.38","2.267386","3"],["42.37","0.052378","1"],["42.36","0.040512","2"],["42.35","10.00101","3"],["42.34","0.449971","1"],["42.3","23.470637","8"],["42.28","579.386942","3"],["42.26","0.744302","4"],["42.25","10.00101","3"],["42.23","0.01","1"],["42.22","0.324971","2"],["42.21","0.001","1"],["42.2","34.724682","7"],["42.19","12","1"],["42.18","100","1"],["42.16","2.713098","1"],["42.15","14.744958","3"],["42.14","1.151925","5"],["42.13","54.716539","3"],["42.12","17.542448","2"],["42.11","0.053388","2"],["42.1","10.213","5"],["42.09","1.108547","1"],["42.08","0.607142","3"],["42.05","10.6181","3"],["42.04","0.38971","2"],["42.01","736.342627","1"],["42","2256.103772","36"],["41.99","0.122","1"],["41.96","0.292094","1"],["41.95","15","2"],["41.94","0.033096","1"],["41.93","0.00101","1"],["41.92","0.01307","1"],["41.91","0.007744","1"],["41.9","35.858811","4"],["41.88","115.118996","4"],["41.87","0.032875","4"],["41.86","509.910569","1"],["41.85","22.790083","6"],["41.84","1.337847","2"],["41.83","0.450981","2"],["41.82","54","1"],["41.81","2.33535","2"],["41.8","488.206721","10"],["41.76","0.243085","1"],["41.75","20.06","5"],["41.73","160.60112","2"],["41.71","0.054295","1"],["41.7","44.272909","5"],["41.68","13.585387","4"],["41.67","0.458","1"],["41.66","0.533319","2"],["41.65","10","2"],["41.63","0.76908","4"],["41.62","0.3604","1"],["41.61","63.494506","3"],["41.6","21.5","4"],["41.59","0.052378","1"],["41.57","0.454816","2"],["41.55","13.502465","6"],["41.52","54.033431","2"],["41.5","26.538264","11"],["41.49","10.007273","3"],["41.46","0.122","1"],["41.45","10.007744","3"],["41.44","0.292094","1"],["41.42","1.598392","3"],["41.4","21.00101","4"],["41.39","1.410268","2"],["41.38","0.05843","2"],["41.37","0.118996","1"],["41.35","10","2"],["41.33","0.052378","1"]],"timestamp":"2020-05-30T21:05:57.459Z","checksum":908449841}]} 
31.05.2020 00:05:57 okex: {"table":"spot/depth","action":"update","data":[{"instrument_id":"LTC-USDT","asks":[],"bids":[["46.77","614.214871","17"]],"timestamp":"2020-05-30T21:05:57.562Z","checksum":2109299554}]} 
31.05.2020 00:05:57 okex: {"event":"subscribe","channel":"spot/depth:ETH-USDT"} 
31.05.2020 00:05:57 okex: {"table":"spot/depth","action":"partial","data":[{"instrument_id":"ETH-USDT","asks":[["236.46","0.24898","3"],["236.47","0.084","1"],["236.48","0.038987","1"],["236.49","41.038987","2"],["236.5","1.023081","3"],["236.51","4.347","2"],["236.52","6.044346","2"],["236.53","3","1"],["236.54","18.330122","3"],["236.55","21.605308","3"],["236.56","8.170759","2"],["236.57","12.246537","7"],["236.58","30.651358","7"],["236.59","20.309112","8"],["236.6","15.127706","9"],["236.61","10.467369","5"],["236.62","38.825605","12"],["236.63","15.420067","7"],["236.64","16.822737","4"],["236.65","83.73539","7"],["236.66","50.178647","8"],["236.67","34.987164","8"],["236.68","10.023881","3"],["236.69","12.844436","5"],["236.7","0.265502","2"],["236.71","18.075316","6"],["236.72","6.844062","4"],["236.73","7.068819","4"],["236.74","9.737022","4"],["236.75","2.116233","2"],["236.76","106.678883","5"],["236.77","22.133","1"],["236.78","7.44533","4"],["236.79","0.219094","1"],["236.8","12.106169","2"],["236.81","0.503205","5"],["236.82","48.845177","3"],["236.83","0.569497","1"],["236.84","6.345177","1"],["236.86","9.599538","2"],["236.87","7.65141","3"],["236.88","34.537887","6"],["236.89","7.401052","2"],["236.9","10.398006","6"],["236.91","14.396947","3"],["236.92","21.241299","6"],["236.93","22.342494","3"],["236.95","24.02169","4"],["236.96","82.078984","3"],["236.97","18.39","3"],["236.98","22.340349","3"],["236.99","16","2"],["237","6.639613","2"],["237.02","0.003552","1"],["237.04","0.068","1"],["237.05","3.282918","4"],["237.06","1","1"],["237.09","0.2","1"],["237.1","12.9","1"],["237.11","0.00381","1"],["237.12","0.25","1"],["237.13","44.895161","1"],["237.14","1.503551","2"],["237.16","44.851164","2"],["237.17","0.12085","3"],["237.18","1.073789","2"],["237.21","47.361934","2"],["237.23","1.77","1"],["237.24","2","2"],["237.26","0.003549","1"],["237.28","1.82","2"],["237.29","1","1"],["237.33","1","1"],["237.36","1.737724","5"],["237.37","0.012005","1"],["237.38","10.805986","4"],["237.39","5.095134","2"],["237.4","0.5","1"],["237.41","0.169059","1"],["237.42","61","3"],["237.43","0.5","1"],["237.44","0.178265","1"],["237.46","2.414331","3"],["237.49","80","1"],["237.5","0.003545","1"],["237.52","46.775008","1"],["237.53","449.82","1"],["237.54","2.553","1"],["237.55","0.66","2"],["237.58","7","2"],["237.6","0.151467","2"],["237.61","0.25","1"],["237.62","1.516744","3"],["237.63","0.2","1"],["237.65","0.006265","1"],["237.67","0.009672","2"],["237.71","0.076319","1"],["237.72","5.00666","2"],["237.74","0.003542","1"],["237.75","0.87071","2"],["237.76","0.0355","1"],["237.79","84.593422","1"],["237.81","0.218969","3"],["237.85","0.259445","2"],["237.86","0.00354","1"],["237.88","41.184","1"],["237.89","2.072307","2"],["237.9","103.93266","2"],["237.91","0.009339","1"],["237.93","0.006986","1"],["237.94","42.260038","1"],["237.98","0.003538","1"],["237.99","0.904656","3"],["238","203.684607","15"],["238.02","5","1"],["238.04","0.003795","1"],["238.08","1.499604","3"],["238.09","1.606236","2"],["238.1","0.253536","2"],["238.11","0.006557","1"],["238.12","0.094842","1"],["238.13","0.005324","1"],["238.16","8.250041","1"],["238.17","0.2","1"],["238.18","43.87438","1"],["238.19","1.9","1"],["238.2","0.728671","2"],["238.21","5","1"],["238.24","0.112417","2"],["238.3","0.06669","1"],["238.33","1.01037","1"],["238.34","0.25","1"],["238.36","0.800255","3"],["238.39","0.215502","1"],["238.41","0.211497","1"],["238.42","0.06669","1"],["238.43","0.177528","1"],["238.44","0.2","1"],["238.47","70","1"],["238.48","0.03","1"],["238.5","5.660093","2"],["238.51","18.668","1"],["238.54","0.073789","1"],["238.55","0.24596","2"],["238.57","1.5","1"],["238.58","42.345504","2"],["238.59","0.25","1"],["238.6","5","1"],["238.63","0.0083","1"],["238.71","0.2","1"],["238.74","46.514","1"],["238.75","16","1"],["238.77","2.330758","7"],["238.78","191.655005","2"],["238.8","21.816795","1"],["238.82","0.067","1"],["238.83","0.25","1"],["238.84","5.001","2"],["238.85","0.0775","2"],["238.86","0.094551","1"],["238.88","0.067","1"],["238.91","0.067","1"],["238.92","3.85","1"],["238.94","0.210938","1"],["238.95","10.983273","1"],["238.97","0.57","2"],["238.98","0.203953","2"],["238.99","0.499","1"],["239","72.01827","12"],["239.01","0.228308","4"],["239.05","1.5","1"],["239.06","0.5","1"],["239.07","0.042486","2"],["239.08","0.317","2"],["239.09","116.918891","2"],["239.1","72.307373","3"],["239.11","0.512645","2"],["239.17","0.494962","1"],["239.18","1.387","4"],["239.24","0.12748","1"],["239.25","0.60051","9"],["239.27","0.8","1"],["239.28","0.04836","1"],["239.29","5.219","2"],["239.32","0.362417","3"],["239.33","0.067","1"],["239.36","0.077221","2"],["239.42","0.204123","1"],["239.45","5.865502","2"],["239.47","0.076319","1"],["239.5","210.159799","6"],["239.52","1.784","2"],["239.54","0.12981","1"],["239.55","0.011164","1"],["239.57","0.25","1"],["239.58","0.0083","1"],["239.59","0.067","1"],["239.6","0.1","1"],["239.62","0.067","1"],["239.7","4","1"],["239.73","0.26689","4"],["239.76","2.793287","1"],["239.79","0.083214","2"],["239.81","0.25","1"],["239.82","0.00113","1"],["239.84","0.00666","1"],["239.88","6","2"],["239.9","3.147184","3"],["239.92","0.003953","1"],["239.96","1","1"],["240","668.088201","85"],["240.01","10.399261","1"],["240.05","16","1"],["240.06","0.25","1"],["240.07","0.215502","1"],["240.1","0.042","1"],["240.11","0.009339","1"],["240.12","0.009435","1"],["240.18","0.188197","1"],["240.19","28.724333","2"],["240.21","210.584335","7"],["240.25","0.287446","1"],["240.28","0.25","1"],["240.3","0.25","1"],["240.31","0.03","1"],["240.38","0.2355","2"],["240.39","0.2","1"],["240.4","9.112417","3"],["240.41","0.204123","1"],["240.47","0.014531","1"],["240.48","1.5","1"],["240.49","0.219","1"],["240.5","19.20665","2"],["240.51","1.988","1"],["240.54","3.86469","3"],["240.55","0.25","1"],["240.57","0.25","1"],["240.66","0.209321","1"],["240.68","11.988","1"],["240.69","0.04448","1"],["240.7","0.038132","1"],["240.75","0.011164","1"],["240.78","0.209216","1"],["240.79","1.259207","3"],["240.8","2.047917","1"],["240.81","0.182521","3"],["240.82","0.209286","1"],["240.84","0.5","1"],["240.85","0.25","1"],["240.86","0.003953","1"],["240.87","0.12748","1"],["240.92","0.42556","1"],["240.96","1.5","1"],["240.99","0.012504","1"],["241","157.655497","12"],["241.01","11.390361","1"],["241.02","16.04567","2"],["241.04","0.25","1"],["241.14","0.489664","2"],["241.18","0.208979","1"],["241.21","0.009339","1"],["241.22","2.076319","2"],["241.23","0.001372","1"],["241.26","0.073789","1"],["241.28","0.25","1"],["241.3","32","2"],["241.32","0.03","1"],["241.34","16","1"],["241.35","0.001178","1"],["241.36","0.064877","2"],["241.41","0.423092","4"],["241.42","0.25","1"],["241.45","1.5","1"],["241.47","0.112417","2"],["241.5","57.365529","2"],["241.53","0.25","1"],["241.55","0.015","1"],["241.57","0.660093","1"],["241.58","0.2","1"],["241.63","262.551","1"],["241.68","0.004146","1"],["241.69","0.0355","1"],["241.71","0.467","2"],["241.75","0.215502","1"],["241.76","0.001031","1"],["241.77","0.25","1"],["241.81","0.003953","1"],["241.82","0.001325","1"],["241.83","0.07071","1"],["241.93","1.5","1"],["241.95","0.011164","1"],["241.96","0.00666","1"],["241.99","0.8","1"],["242","89.212695","22"],["242.01","0.188197","1"],["242.02","0.25","1"],["242.03","6.201308","3"],["242.13","0.031031","2"],["242.19","0.012504","1"],["242.2","10","1"],["242.24","0.001178","1"],["242.26","0.25","1"],["242.28","0.25","1"],["242.31","0.8","1"],["242.32","0.009339","1"],["242.36","0.03","1"],["242.41","1.5","1"],["242.42","0.204123","1"],["242.46","0.0083","1"],["242.48","0.1","1"],["242.51","0.41948","3"],["242.55","0.242227","3"],["242.57","0.25","1"],["242.59","0.5","1"],["242.61","0.218969","3"],["242.62","0.073789","1"],["242.63","16","1"],["242.75","0.25","1"],["242.76","0.003953","1"],["242.79","0.2","1"],["242.85","0.399048","4"],["242.98","0.076319","1"],["242.99","0.0355","1"],["243","473.941655","21"],["243.01","0.001372","1"],["243.05","0.64796","1"],["243.07","0.042","1"],["243.1","0.31","1"],["243.14","0.25","1"],["243.15","0.011164","1"],["243.3","41","2"],["243.35","0.014531","1"],["243.39","0.012504","1"],["243.42","0.471762","4"],["243.43","0.215502","1"],["243.5","0.012581","1"],["243.57","0.009745","1"],["243.62","0.112417","2"],["243.63","0.057891","1"],["243.67","2","1"],["243.71","0.253953","2"],["243.73","0.239664","1"],["243.77","0.081833","1"],["243.78","10","1"],["243.8","2.9955","2"],["243.81","0.218969","3"],["243.82","0.8","1"],["243.86","0.188197","1"],["243.87","0.10071","2"],["243.9","0.68407","1"],["243.92","16","1"],["243.95","84.99","1"],["243.96","0.03","1"],["243.98","0.073789","1"],["244","19.817184","20"],["244.08","0.00666","1"],["244.14","0.12748","1"],["244.24","0.00113","1"],["244.28","0.25","1"],["244.3","0.0355","1"],["244.34","0.5","1"],["244.35","0.011164","1"],["244.38","0.0083","1"],["244.44","0.204123","1"],["244.45","5.86413","1"],["244.48","2.180661","1"],["244.5","174.053128","2"],["244.52","0.009339","1"],["244.57","0.25","1"],["244.58","6.058663","1"],["244.59","0.012504","1"],["244.6","190.670583","1"],["244.62","0.41124","1"],["244.64","0.866322","2"],["244.66","0.206006","1"],["244.67","0.003953","1"],["244.7","0.112417","2"],["244.73","0.076319","1"],["244.79","0.001372","1"],["244.8","1.260297","1"],["244.85","0.25","1"],["244.89","0.100688","2"],["245","461.544855","54"],["245.01","0.218969","3"],["245.04","0.205684","1"],["245.11","0.215502","1"],["245.14","0.25","1"],["245.16","0.300704","1"],["245.18","1.417568","1"],["245.2","0.799707","1"],["245.21","16","1"],["245.22","0.2","1"],["245.3","2.431022","2"],["245.34","0.882089","3"],["245.42","0.25","1"],["245.5","3.515759","1"],["245.54","12.474973","2"],["245.56","0.12981","1"],["245.61","0.0355","1"],["245.62","0.039339","2"]],"bids":[["236.45","10.188545","10"],["236.44","4.292059","1"],["236.43","0.263","1"],["236.42","0.286","2"],["236.41","9.140568","5"],["236.4","27.588788","4"],["236.39","24.272287","5"],["236.38","38.576522","7"],["236.37","35.635385","4"],["236.36","40.078089","8"],["236.35","42.562686","6"],["236.34","24.458826","3"],["236.33","24.694227","6"],["236.32","35.629087","3"],["236.31","59.128277","8"],["236.3","86.815222","6"],["236.29","22.15393","5"],["236.28","34.310946","6"],["236.27","13.761113","3"],["236.26","19.615558","3"],["236.25","21.50519","5"],["236.24","19.476889","5"],["236.23","86.327785","5"],["236.22","8.350347","4"],["236.21","0.569497","1"],["236.2","6.350281","1"],["236.17","13.65055","3"],["236.16","12.539765","5"],["236.15","22.005439","3"],["236.14","9.369497","3"],["236.13","8.473206","2"],["236.12","7","1"],["236.11","35.149206","2"],["236.1","6.665499","2"],["236.09","4.44745","1"],["236.08","13.199408","3"],["236.07","1.138577","2"],["236.06","11.633198","4"],["236.05","7.259032","10"],["236.04","24.854585","3"],["236.03","4.249538","3"],["236.02","9.457718","3"],["236.01","10.866261","5"],["236","38.925657","15"],["235.98","4.52","4"],["235.97","6.89647","7"],["235.95","28.431455","2"],["235.94","8","1"],["235.93","47.237548","6"],["235.92","0.484043","1"],["235.91","30.846788","5"],["235.9","0.484043","1"],["235.89","8.25","2"],["235.88","8","1"],["235.82","81.316595","1"],["235.8","44.84","1"],["235.77","0.2","1"],["235.74","60","1"],["235.72","10.383494","3"],["235.71","1.00356","2"],["235.68","46.514578","1"],["235.67","1","1"],["235.66","2","2"],["235.65","0.25","1"],["235.59","2.003561","3"],["235.58","28.9","1"],["235.57","1.077599","2"],["235.52","1","1"],["235.51","6.225","3"],["235.48","0.179006","1"],["235.47","0.003563","1"],["235.46","1","1"],["235.43","450.82","2"],["235.42","1","1"],["235.4","47.446261","2"],["235.35","0.003565","1"],["235.34","0.169967","1"],["235.29","9.806431","1"],["235.27","80","1"],["235.26","0.003825","1"],["235.25","0.2","1"],["235.23","0.003567","1"],["235.22","0.023987","1"],["235.2","0.095725","1"],["235.18","4.009228","1"],["235.16","0.25","1"],["235.15","0.5355","2"],["235.14","0.068","1"],["235.11","0.003569","1"],["235.1","0.62","1"],["235.08","0.510465","1"],["235.02","0.112417","2"],["235","2","1"],["234.99","0.203571","2"],["234.98","0.012504","1"],["234.94","86.514896","2"],["234.91","71.202064","3"],["234.88","103.298409","3"],["234.87","0.003572","1"],["234.8","1.997444","1"],["234.79","0.0083","1"],["234.76","0.011164","1"],["234.75","0.004644","2"],["234.73","0.2","1"],["234.72","0.8","1"],["234.7","9.029357","3"],["234.69","0.07071","1"],["234.67","0.25","1"],["234.66","0.3","1"],["234.65","0.3","1"],["234.64","1.278554","1"],["234.63","2.003576","2"],["234.61","0.009339","1"],["234.6","2.653565","1"],["234.59","2.577","1"],["234.57","5","1"],["234.56","0.012005","1"],["234.51","0.183328","2"],["234.5","0.326786","3"],["234.48","0.096019","1"],["234.47","0.2","1"],["234.46","0.073789","1"],["234.45","1.5","1"],["234.44","69.997439","1"],["234.43","60","2"],["234.42","0.25","1"],["234.4","0.3","1"],["234.39","0.50358","2"],["234.34","0.00384","1"],["234.33","0.12748","1"],["234.32","43.103","1"],["234.28","0.637038","2"],["234.27","0.215078","2"],["234.25","46.514","1"],["234.21","0.21","2"],["234.2","0.82851","7"],["234.18","5.25","2"],["234.15","0.503583","2"],["234.11","0.004417","1"],["234.1","0.001372","1"],["234.08","0.5","1"],["234.07","0.04277","2"],["234.05","14","1"],["234.04","213.35","1"],["234.03","0.027572","2"],["234.02","0.009435","1"],["234.01","0.01","1"],["234","207.171326","3"],["233.98","1.057745","1"],["233.95","0.2","1"],["233.94","0.112417","2"],["233.93","0.25","1"],["233.91","0.003587","1"],["233.9","6.061717","2"],["233.87","2","1"],["233.85","0.222","1"],["233.84","0.0355","1"],["233.83","1.5083","2"],["233.81","0.01","1"],["233.8","1.89681","1"],["233.79","0.003589","1"],["233.78","0.012504","1"],["233.76","0.096314","1"],["233.75","0.0343","1"],["233.74","0.032376","2"],["233.69","0.45","2"],["233.67","0.104301","3"],["233.61","0.01","1"],["233.6","1.089006","2"],["233.59","16","1"],["233.58","0.1","1"],["233.56","0.011164","1"],["233.55","0.003593","1"],["233.54","0.180497","1"],["233.53","0.071","1"],["233.52","0.12981","1"],["233.5","12.896846","3"],["233.47","5.00666","2"],["233.46","0.72","2"],["233.45","0.5","1"],["233.44","0.25","1"],["233.43","0.203594","2"],["233.42","0.003855","1"],["233.41","0.020394","2"],["233.4","0.6","1"],["233.37","1.5","1"],["233.36","0.24665","2"],["233.34","99.572502","2"],["233.31","0.043596","2"],["233.3","14.541545","2"],["233.27","0.2","1"],["233.22","3.627","1"],["233.21","0.01","1"],["233.2","1.080469","3"],["233.19","0.003598","1"],["233.18","0.5","1"],["233.17","4.352005","3"],["233.16","0.285","1"],["233.15","24.23","1"],["233.14","1.284032","1"],["233.1","0.073789","1"],["233.07","0.0036","1"],["233.04","0.096612","1"],["233.01","0.01","1"],["233","195.416831","18"],["232.99","0.0311","2"],["232.95","0.253602","2"],["232.91","0.2","1"],["232.9","1.5","1"],["232.87","0.0083","1"],["232.86","0.112417","2"],["232.84","0.023987","1"],["232.83","0.003604","1"],["232.81","0.01","1"],["232.79","5","1"],["232.78","0.500499","1"],["232.77","0.204","1"],["232.71","0.253605","2"],["232.7","0.12748","1"],["232.65","0.920688","4"],["232.61","0.01","1"],["232.6","0.096732","1"],["232.59","0.003607","1"],["232.58","1","1"],["232.57","0.193751","2"],["232.56","0.032376","2"],["232.53","0.0355","1"],["232.51","0.00387","1"],["232.47","0.003609","1"],["232.46","0.25","1"],["232.45","0.084923","2"],["232.44","1.5","1"],["232.43","0.043023","1"],["232.41","0.01","1"],["232.4","0.009339","1"],["232.39","2.672876","2"],["232.36","3.871164","2"],["232.35","0.663704","2"],["232.32","188.402283","4"],["232.31","0.043","1"],["232.3","16","1"],["232.29","0.043","1"],["232.27","2.626836","2"],["232.24","1.409215","1"],["232.23","0.003613","1"],["232.22","0.25","1"],["232.21","0.016986","2"],["232.2","0.1","1"],["232.18","1","1"],["232.16","0.299264","1"],["232.15","0.073195","1"],["232.14","0.04836","1"],["232.13","8.725466","2"],["232.11","0.203615","2"],["232.1","2.047176","2"],["232.03","0.013359","1"],["232.01","0.01","1"],["232","339.383676","19"],["231.99","0.013052","2"],["231.97","1.75","2"],["231.91","0.0083","1"],["231.88","3.217693","1"],["231.87","0.203619","2"],["231.83","0.62","1"],["231.81","0.01","1"],["231.8","7.165805","5"],["231.79","0.112417","2"],["231.78","0.012005","1"],["231.75","0.01862","2"],["231.74","0.073789","1"],["231.73","0.25","1"],["231.71","12.1","1"],["231.7","26.903355","2"],["231.68","3.753264","2"],["231.66","0.215502","1"],["231.65","0.023987","1"],["231.63","0.074332","2"],["231.61","0.392","3"],["231.6","0.601098","3"],["231.58","4.067549","1"],["231.51","3.503624","3"],["231.5","50.523706","4"],["231.49","0.004899","1"],["231.48","0.25","1"],["231.46","0.044881","2"],["231.45","3.223672","1"],["231.42","2","1"],["231.41","0.01","1"],["231.4","1","1"],["231.39","0.003626","1"],["231.38","0.032376","2"],["231.37","0.876042","2"],["231.35","0.20666","2"],["231.31","0.009993","1"],["231.3","201.009339","3"],["231.27","0.003628","1"],["231.24","0.25","1"],["231.23","0.208487","2"],["231.21","0.01","1"],["231.17","0.011164","1"],["231.16","132.72","2"],["231.15","0.00363","1"],["231.12","0.03","1"],["231.1","45","2"],["231.09","0.2","1"],["231.08","5.111509","1"],["231.07","0.006986","1"],["231.06","0.12748","1"],["231.05","1.5","1"],["231.03","0.003632","1"],["231.02","0.62","1"],["231.01","16.01","2"],["231","132.566439","14"],["230.99","0.25","1"],["230.97","0.00113","1"],["230.96","0.2","1"],["230.95","0.0083","1"],["230.91","0.003634","1"],["230.89","0.097512","1"],["230.83","0.2","1"],["230.81","0.01","1"],["230.79","0.003635","1"],["230.77","0.244563","2"],["230.75","0.25","1"],["230.74","0.6","1"],["230.71","0.112417","2"],["230.7","2.677316","4"],["230.69","0.08022","2"],["230.67","0.018557","3"],["230.65","0.70286","4"],["230.64","0.009798","1"],["230.61","0.110688","3"],["230.6","0.218969","3"],["230.59","1.5","1"],["230.57","0.2","1"],["230.55","0.013437","2"],["230.54","0.001372","1"],["230.51","0.37981","2"],["230.5","36.127721","4"],["230.49","3.19481","1"],["230.47","0.204","1"],["230.46","0.023987","1"],["230.43","0.003641","1"],["230.41","0.022005","2"],["230.38","0.073789","1"],["230.34","6.058663","1"],["230.31","0.211173","3"],["230.28","0.007974","1"],["230.26","1.25","2"],["230.21","0.01","1"],["230.2","100.661715","5"],["230.19","0.003645","1"],["230.18","0.097812","1"],["230.17","0.812504","2"],["230.14","0.00753","1"],["230.13","1.50753","2"],["230.11","37.03","1"],["230.1","109.618319","2"],["230.08","0.007974","1"],["230.07","0.003647","1"],["230.05","0.2","1"],["230.02","0.25","1"],["230.01","14.741487","2"],["230","494.068549","49"],["229.98","0.215502","1"],["229.97","0.011164","1"],["229.96","0.013084","2"],["229.93","0.006986","1"],["229.92","0.0355","1"],["229.85","0.00365","1"],["229.81","0.2","1"],["229.8","0.16813","1"],["229.79","0.203916","2"],["229.77","1.137074","2"],["229.74","0.302916","2"],["229.72","16","1"],["229.7","0.183515","1"],["229.68","0.00753","1"],["229.67","1.5","1"],["229.65","0.6","1"],["229.63","0.116071","3"],["229.6","1.426936","2"],["229.59","0.07071","1"],["229.53","0.463316","4"],["229.52","0.014226","2"],["229.5","8.924449","2"],["229.48","0.174306","1"],["229.47","0.445036","4"],["229.46","0.870735","1"],["229.43","0.12748","1"],["229.41","0.003657","1"],["229.4","1.171731","4"],["229.38","0.62","1"],["229.37","0.006501","1"],["229.34","0.074094","1"],["229.33","0.03","1"],["229.32","1.325526","2"],["229.3","0.018659","2"],["229.28","0.923612","3"],["229.27","0.223987","2"]],"timestamp":"2020-05-30T21:05:57.369Z","checksum":-1847371484}]} 
31.05.2020 00:05:57 okex: {"table":"spot/depth","action":"update","data":[{"instrument_id":"ETH-USDT","asks":[["236.48","0","0"],["236.49","42.577923","2"],["236.5","1.016","2"],["236.57","10.668614","6"],["236.65","83.73639","8"],["236.66","54.427647","9"],["236.67","34.986164","7"],["236.69","8.595436","4"],["236.7","6.609203","3"],["237.52","0","0"],["245.63","0.003953","1"],["245.71","0.25","1"]],"bids":[["236.45","1.792545","9"],["236.44","0","0"],["236.41","8.341568","3"],["236.4","28.387788","6"],["236.37","42.515385","5"],["236.35","44.676985","7"],["236.33","11.347708","4"],["236.31","52.780952","7"],["236.25","21.50419","4"],["236.23","79.985084","5"],["236.17","19.994251","4"],["236.1","5","1"],["236.04","26.520084","4"],["235.4","0.25","1"],["229.23","0.00666","1"]],"timestamp":"2020-05-30T21:05:57.471Z","checksum":541319197}]} 
31.05.2020 00:05:57 okex: {"table":"spot/depth","action":"update","data":[{"instrument_id":"ETH-USDT","asks":[["236.46","73.251223","6"],["236.48","0.007081","1"],["236.56","18.982611","3"],["236.58","19.839506","6"],["236.6","17.242183","10"],["236.62","33.825605","11"],["236.63","13.306037","6"],["236.64","12.594497","3"],["236.67","39.986164","8"],["236.7","0.265502","2"],["237.5","46.782492","2"],["245.71","0","0"]],"bids":[["236.45","1.785333","8"],["236.42","0.318301","6"],["236.38","36.576522","6"],["236.26","25.959259","4"],["236.14","14.369497","4"],["236.1","0","0"],["235.38","47.200271","1"]],"timestamp":"2020-05-30T21:05:57.574Z","checksum":1310690802}]} 
31.05.2020 00:05:57 okex: {"table":"spot/depth","action":"update","data":[{"instrument_id":"BTC-USDT","asks":[["9461.6","0.0070036","2"],["9462.4","0.009","1"],["9462.5","0","0"],["9462.7","0.205","3"],["9463","0.10762981","1"],["9463.2","0","0"],["9463.6","0.0800072","2"],["9464.3","0.18571332","3"],["9464.5","0.09859828","3"],["9465.9","0.85593024","3"],["9466.2","0.44758945","4"],["9476","0.15","1"],["9481.1","0","0"]],"bids":[["9461.5","3.74880525","10"],["9460.7","0.008","1"],["9460.4","0.05","4"],["9459.2","1.002","2"],["9458.7","1.3","1"],["9458","0","0"],["9456.9","0","0"],["9456.7","0.12068187","1"],["9455","0.42813302","2"],["9454.5","0.2232322","2"],["9454.3","0.1","1"],["9452.7","0.0529","1"],["9433.8","0","0"],["9329.7","0.00527696","1"],["9329.5","0.003","1"]],"timestamp":"2020-05-30T21:05:57.661Z","checksum":1621324536}]} 
31.05.2020 00:05:57 gate.io: {"error": null, "result": {"status": "success"}, "id": 1} 
31.05.2020 00:05:57 gate.io: {"method": "depth.update", "params": [true, {"asks": [["9461.74", "0.002"], ["9461.75", "0.1133"], ["9461.9", "0.3"], ["9462.7", "0.7506"], ["9464.28", "0.00012625"], ["9464.74", "0.0184"], ["9464.79", "0.18"], ["9465.37", "0.092"], ["9465.56", "0.144"], ["9465.58", "0.3"], ["9465.6", "0.2207"], ["9465.72", "0.2"], ["9466.44", "0.00062364"], ["9467.37", "0.0184"], ["9467.61", "0.092"], ["9467.7", "0.00012405"], ["9468.48", "0.0524505"], ["9470.71", "0.1655"], ["9471.18", "0.00339406"], ["9471.54", "0.5283"], ["9472.84", "0.5227"], ["9473.7", "0.3653"], ["9473.94", "0.1357"], ["9474.57", "0.00571478"], ["9474.72", "0.0716"], ["9474.9", "0.25"], ["9475.6", "0.25"], ["9475.8", "0.25"], ["9475.9", "0.25"], ["9476.22", "0.2651"]], "bids": [["9461.73", "0.1871"], ["9457.67", "0.7506"], ["9456.42", "0.1133"], ["9455.79", "0.0919"], ["9455.71", "0.0184"], ["9455.29", "0.37323219"], ["9455.21", "0.1794"], ["9454.21", "0.3414"], ["9453.87", "0.144"], ["9453.44", "0.18"], ["9452.95", "0.0184"], ["9451.84", "0.3"], ["9451.82", "0.092"], ["9449.96", "0.1655"], ["9449.53", "0.4"], ["9449.25", "0.5709"], ["9448.79", "0.05696467"], ["9447.06", "0.5285"], ["9446.68", "1.5"], ["9444.7", "0.5"], ["9444", "0.25"], ["9443.9", "0.25"], ["9443.4", "0.25"], ["9443.3", "0.5"], ["9441.82", "0.0295"], ["9441.28", "0.1227"], ["9440.39", "0.0423"], ["9440.36", "0.04334809"], ["9439.07", "0.04788318"], ["9438.75", "0.0005"]]}, "BTC_USDT"], "id": null} 
31.05.2020 00:05:57 gate.io: {"method": "depth.update", "params": [false, {"asks": [["9464.56", "0.2"], ["9465.6", "0"], ["9465.72", "0"], ["9466.64", "0.2207"]], "bids": [["9456.42", "0"], ["9455.6", "0.0933"], ["9455.29", "0"], ["9454.51", "0.2207"], ["9454.21", "0.1207"]]}, "BTC_USDT"], "id": null} 
31.05.2020 00:05:57 gate.io: {"error": null, "result": {"status": "success"}, "id": 1} 
31.05.2020 00:05:57 gate.io: {"method": "depth.update", "params": [true, {"asks": [["236.46", "6.324294"], ["236.53", "22.5202"], ["236.59", "0.1075485"], ["236.62", "6.356761"], ["236.64", "4.08136467"], ["236.66", "2.23515644"], ["236.67", "10.7359"], ["236.68", "0.5"], ["236.69", "1.61"], ["236.7", "4.344"], ["236.71", "16.9172"], ["236.72", "3.6791"], ["236.73", "0.44514775"], ["236.77", "6.71609203"], ["236.8", "3.128"], ["236.86", "0.02167409"], ["236.89", "1.94570899"], ["236.91", "12.03233153"], ["236.93", "0.28920662"], ["236.94", "33.8409"], ["236.95", "3.3898"], ["236.97", "70.2704036512"], ["236.98", "5"], ["236.99", "5"], ["237.01", "5"], ["237.03", "5"], ["237.04", "15"], ["237.05", "5"], ["237.09", "16.68"], ["237.13", "55.49"]], "bids": [["236.42", "22.5202"], ["236.41", "0.8091"], ["236.35", "0.06"], ["236.34", "4.5"], ["236.3", "4.344"], ["236.29", "10.7356"], ["236.26", "3.6778"], ["236.21", "6.6172"], ["236.2", "16.9151"], ["236.08", "1.8006"], ["236.02", "5.58"], ["236.01", "2"], ["235.97", "2.1518"], ["235.96", "28.68"], ["235.94", "2.52232219"], ["235.92", "3.132"], ["235.91", "5"], ["235.9", "15"], ["235.89", "5"], ["235.87", "5"], ["235.86", "93.8428"], ["235.71", "0.28920662"], ["235.7", "55.49"], ["235.68", "0.5"], ["235.45", "3.19294173"], ["235.25", "46.512"], ["235.2", "0.2"], ["235.18", "0.5"], ["235.1", "0.28920662"], ["235.05", "3.4035"]]}, "ETH_USDT"], "id": null} 
31.05.2020 00:05:57 gate.io: {"method": "depth.update", "params": [false, {"asks": [["236.5", "42.1959"], ["236.64", "0.0052"], ["236.69", "0"], ["236.76", "1.61"], ["236.89", "0"], ["236.97", "72.2704036512"]], "bids": [["236.2", "0"], ["236.14", "16.9185"], ["235.94", "2.29139209"]]}, "ETH_USDT"], "id": null} 
31.05.2020 00:05:57 okex: {"table":"spot/depth","action":"update","data":[{"instrument_id":"LTC-USDT","asks":[["46.83","0.295546","3"]],"bids":[],"timestamp":"2020-05-30T21:05:57.666Z","checksum":-701270921}]} 
31.05.2020 00:05:57 okex: {"table":"spot/depth","action":"update","data":[{"instrument_id":"ETH-USDT","asks":[["236.46","13.238223","6"],["236.48","0","0"],["236.51","6.947","3"],["236.54","15.730122","2"],["236.61","14.696324","6"],["236.73","13.41252","5"],["245.71","0.25","1"]],"bids":[["236.41","5.741568","2"],["236.4","17.575936","5"],["236.39","26.872287","6"],["236.38","47.388374","7"],["236.25","20.963233","3"],["236.21","5.569497","2"],["236.17","8.65055","2"]],"timestamp":"2020-05-30T21:05:57.676Z","checksum":-789728168}]} 
31.05.2020 00:05:57 okex: {"table":"spot/depth","action":"update","data":[{"instrument_id":"BTC-USDT","asks":[["9461.6","0.0096344","4"],["9462.4","0","0"],["9462.5","0.005","2"],["9462.6","0.016","2"],["9462.7","0.2","1"],["9464.3","0.10771332","2"],["9464.4","0.078","1"],["9465.9","0.43335954","2"],["9466.4","0.52840049","2"],["9467.5","0.1","1"],["9468.5","0.66","1"],["9471.9","0.15303","2"],["9541.9","9.59513977","2"],["9590","0","0"],["9590.3","0","0"],["9590.5","0","0"]],"bids":[["9461.5","3.93780525","10"],["9461.3","0.001","1"],["9460.8","0.016","1"],["9460.4","0.26498","5"],["9460.2","0.2","1"],["9459.4","0.137","1"],["9459.3","0","0"],["9458.8","0.00399959","2"],["9458.6","0.032","1"],["9458.5","0.67","2"],["9458.4","0","0"],["9458.2","0.00211433","1"],["9457","0.1757417","2"],["9456.8","0.15","1"],["9456","0","0"],["9454.5","0.21142241","1"],["9454.1","0.3","2"],["9453.5","0.15866299","1"],["9453","0.68065209","3"],["9452","0","0"],["9444.2","0.0496","1"],["9443.2","0","0"],["9436.8","0","0"],["9381.2","3.51985983","2"],["9329.7","0","0"],["9329.5","0","0"]],"timestamp":"2020-05-30T21:05:57.763Z","checksum":964582924}]} 
31.05.2020 00:05:57 okex: {"table":"spot/depth","action":"update","data":[{"instrument_id":"LTC-USDT","asks":[],"bids":[["46.82","2.661","2"]],"timestamp":"2020-05-30T21:05:57.768Z","checksum":289438410}]} 
31.05.2020 00:05:57 okex: {"table":"spot/depth","action":"update","data":[{"instrument_id":"ETH-USDT","asks":[["236.46","2.124223","4"],["236.48","0.038987","1"],["236.64","14.963497","4"],["236.66","50.178647","8"],["236.9","5.965006","5"],["245.71","0","0"]],"bids":[["236.28","34.666494","7"],["236.26","19.615558","3"]],"timestamp":"2020-05-30T21:05:57.778Z","checksum":-1007500693}]} 
31.05.2020 00:05:57 okex: {"table":"spot/depth","action":"update","data":[{"instrument_id":"BTC-USDT","asks":[["9461.6","0.0070036","2"],["9462.5","0.004","1"],["9462.6","0.017","3"],["9462.9","0","0"],["9463.5","0.015","2"],["9463.6","0.0810072","3"],["9590","2.53074288","7"]],"bids":[["9461.5","3.93880525","11"],["9461.4","0.21131633","1"],["9461.3","0","0"],["9459.4","0.00299959","1"],["9459.3","0.137","1"],["9458.8","0.001","1"],["9458.5","0.5","1"],["9457.1","0.14574057","2"],["9457","0.07","1"],["9455.7","0.10570763","1"],["9455.3","0.76285736","3"],["9454.9","0.10571472","1"],["9454.4","0.87142945","2"],["9453.9","0.4228589","1"],["9452.5","0.94315243","5"],["9437.7","2.11415261","1"],["9332.6","0","0"],["9332.3","0","0"],["9330.8","0","0"],["9330.2","0","0"],["9330","0","0"]],"timestamp":"2020-05-30T21:05:57.865Z","checksum":716428285}]} 
31.05.2020 00:05:58 okex: {"table":"spot/depth","action":"update","data":[{"instrument_id":"LTC-USDT","asks":[],"bids":[["46.81","28.86532","9"],["46.77","617.931396","18"]],"timestamp":"2020-05-30T21:05:57.871Z","checksum":-402636542}]} 
31.05.2020 00:05:58 okex: {"table":"spot/depth","action":"update","data":[{"instrument_id":"ETH-USDT","asks":[["236.46","0.124223","3"],["236.48","0.007081","1"],["236.49","42.743107","2"],["236.52","0.045631","1"],["236.55","23.183231","4"],["236.56","8.170759","2"],["236.58","36.650073","8"],["236.59","18.566005","7"]],"bids":[["236.45","48.509333","9"],["236.29","28.497631","6"],["236.2","12.693982","2"],["236.01","6.417261","4"]],"timestamp":"2020-05-30T21:05:57.880Z","checksum":-2042894428}]} 
31.05.2020 00:05:58 okex: {"table":"spot/depth","action":"update","data":[{"instrument_id":"BTC-USDT","asks":[["9461.6","0.3826344","5"],["9462.5","0","0"],["9462.6","0.008","2"],["9462.7","0.213","3"],["9463.3","0.00162525","1"],["9464.4","0","0"],["9464.6","1.32628552","3"],["9466","0.42256795","1"],["9466.4","0.10585046","1"],["9468.1","0","0"],["9503.5","0","0"],["9546.7","0","0"],["9590.3","0.00447973","1"],["9590.5","0.00305769","1"],["9591","0.36178135","1"],["9591.8","0.306123","2"]],"bids":[["9461.5","0.3538203","11"],["9461.4","0","0"],["9460.8","0","0"],["9460.7","0.032","2"],["9460.6","0.18451793","2"],["9460.5","0.008","1"],["9460.4","0.041","2"],["9459.4","0.20297959","2"],["9459.2","0","0"],["9458.9","0.0015","1"],["9458.3","1","1"],["9457.8","1.388","4"],["9457.7","0.4627618","3"],["9457.6","0","0"],["9454.7","0","0"],["9454.6","0.001","1"],["9439","0","0"],["9438.2","0.00216547","2"],["9437.7","0","0"],["9418.3","0.102041","1"],["9332.6","0.30461488","2"],["9332.3","0.001","1"],["9330.8","0.00248637","1"],["9330.2","0.02826962","2"]],"timestamp":"2020-05-30T21:05:57.967Z","checksum":-931509661}]} 
31.05.2020 00:05:58 okex: {"table":"spot/depth","action":"update","data":[{"instrument_id":"LTC-USDT","asks":[["47.24","72.230285","4"]],"bids":[["46.79","241.536642","13"]],"timestamp":"2020-05-30T21:05:57.988Z","checksum":1804107804}]} 
31.05.2020 00:05:58 okex: {"table":"spot/depth","action":"update","data":[{"instrument_id":"ETH-USDT","asks":[["236.48","0","0"],["236.49","1.782094","2"],["236.51","2.601","2"],["236.52","4.391631","2"],["237.1","12.916","2"],["245.71","0.25","1"]],"bids":[["236.45","48.763333","10"],["236.44","6.187985","2"],["236.42","0.807212","4"],["236.41","16.55342","3"],["236.4","16.776936","3"],["236.38","36.576522","6"],["236.37","35.635385","4"],["236.26","24.615558","4"],["236.21","0.569497","1"],["229.23","0","0"]],"timestamp":"2020-05-30T21:05:57.996Z","checksum":1181614844}]} 
31.05.2020 00:05:58 gate.io: {"method": "depth.update", "params": [false, {"asks": [["9464.56", "0"], ["9466.65", "0.2"], ["9467.7", "0"], ["9469.31", "0.00012405"]], "bids": [["9456.49", "0.0933"], ["9456.34", "0.37323219"], ["9455.6", "0"], ["9454.64", "0.2207"], ["9454.51", "0"], ["9451.82", "0"], ["9450.57", "0.092"], ["9450.39", "0.04897519"], ["9448.79", "0"], ["9440.68", "0.04786826"]]}, "BTC_USDT"], "id": null} 
31.05.2020 00:05:58 okex: {"table":"spot/depth","action":"update","data":[{"instrument_id":"BTC-USDT","asks":[["9461.6","0.5340036","4"],["9462","0.001","1"],["9462.5","0.013","2"],["9462.7","0.2","1"],["9463.5","0.001","1"],["9463.8","0.33185666","4"],["9464.1","0.25217831","2"],["9464.6","1.75422717","3"],["9465","7.24673394","3"],["9466.3","0.00827615","3"],["9474.4","0.05634201","1"],["9480.7","0","0"],["9504.1","2.33893836","2"],["9546.7","2.105","1"],["9591","0","0"],["9591.8","0","0"]],"bids":[["9461.5","0.24780525","9"],["9460.7","0","0"],["9460.6","0.17651793","1"],["9460.5","0","0"],["9460.4","0.008","1"],["9460.3","0.216","2"],["9460.2","0.008","1"],["9460.1","0","0"],["9460","0.106","5"],["9459.8","0.50594165","1"],["9459.5","0.20162525","2"],["9459.3","0","0"],["9459.2","0.002","1"],["9458.8","0.558","3"],["9458.6","0","0"],["9458.4","0.032","1"],["9457.8","1.257","3"],["9457.7","0.3042276","2"],["9457.4","0.13699341","4"],["9455.8","1.104","2"],["9455.4","0.06467371","2"],["9455.3","0.71","2"],["9455.1","0.15","1"],["9454.9","0","0"],["9454.4","0.66","1"],["9453.9","0","0"],["9440.2","4.65137913","2"],["9438.4","0.15891682","1"],["9419","2.35906147","1"],["9330","4.51841284","14"],["9329.7","0.00527696","1"]],"timestamp":"2020-05-30T21:05:58.070Z","checksum":-1147728943}]} 
31.05.2020 00:05:58 okex: {"table":"spot/depth","action":"update","data":[{"instrument_id":"LTC-USDT","asks":[],"bids":[["46.8","286.996619","12"]],"timestamp":"2020-05-30T21:05:58.090Z","checksum":1730071985}]} 
31.05.2020 00:05:58 okex: {"table":"spot/depth","action":"update","data":[{"instrument_id":"ETH-USDT","asks":[["236.46","0.130483","4"],["236.48","0.007081","1"],["245.71","0","0"]],"bids":[["236.45","57.435912","12"],["236.44","0.285","1"],["236.42","0.8","3"],["236.41","16.689865","4"],["236.39","33.479397","5"],["236.35","32.371985","6"],["236.29","22.15393","5"]],"timestamp":"2020-05-30T21:05:58.098Z","checksum":352385233}]} 
31.05.2020 00:05:58 gate.io: {"method": "depth.update", "params": [false, {"asks": [["47.2", "13.04911609"], ["47.48", "167.0953"]]}, "LTC_USDT"], "id": null} 
31.05.2020 00:05:58 gate.io: {"method": "depth.update", "params": [false, {"asks": [["236.62", "3.93266861"], ["236.63", "4.48385963"], ["236.66", "0.1"], ["236.67", "0.7359"], ["236.86", "2.27115466"]], "bids": [["236.34", "0"], ["236.29", "0.7356"], ["235.94", "0"], ["235.91", "7.29246577"], ["235.03", "554.57"], ["235", "0.3"]]}, "ETH_USDT"], "id": null} 
31.05.2020 00:05:58 okex: {"table":"spot/depth","action":"update","data":[{"instrument_id":"BTC-USDT","asks":[["9461.6","0.75817952","8"],["9461.8","0.001","1"],["9462","0","0"],["9462.3","0.004","1"],["9462.4","0.007","1"],["9462.5","0.009","1"],["9462.6","0.001","1"],["9463","0.12162981","2"],["9463.1","0","0"],["9463.5","0.015","2"],["9463.9","0.976","3"],["9478.8","2.11427106","1"],["9590.3","0","0"],["9590.5","0","0"]],"bids":[["9460.1","0.031","1"],["9458.9","0.1385","2"],["9458.8","0.338","3"],["9458.3","0","0"],["9458","0.17","1"],["9457.6","0.528","1"],["9455.3","0.724","3"],["9454.1","0.35285677","3"],["9453.6","0.10571355","1"],["9453","0.89207919","4"],["9452","0.42285421","1"],["9440.2","0","0"],["9437.7","2.11415261","1"],["9330.8","0","0"],["9330.2","0","0"],["9330","0","0"],["9329.7","0","0"]],"timestamp":"2020-05-30T21:05:58.172Z","checksum":1462999624}]} 
31.05.2020 00:05:58 okex: {"table":"spot/depth","action":"update","data":[{"instrument_id":"LTC-USDT","asks":[["46.83","0.342662","4"],["46.84","348.523428","7"]],"bids":[["46.81","53.14432","10"],["46.79","238.536642","12"],["46.78","427.607097","14"],["46.77","587.726049","16"]],"timestamp":"2020-05-30T21:05:58.193Z","checksum":-1733481198}]} 
31.05.2020 00:05:58 okex: {"table":"spot/depth","action":"update","data":[{"instrument_id":"ETH-USDT","asks":[["236.48","0","0"],["236.53","8.998715","2"],["236.58","19.839506","6"],["236.59","29.377857","8"],["236.97","16.39","2"],["245.71","0.25","1"]],"bids":[["236.45","57.1747","10"],["236.43","0.270212","2"],["236.4","16.002936","2"],["236.37","47.940385","5"],["236.25","27.306934","4"]],"timestamp":"2020-05-30T21:05:58.200Z","checksum":712719694}]} 
31.05.2020 00:05:58 okex: {"table":"spot/depth","action":"update","data":[{"instrument_id":"BTC-USDT","asks":[["9461.6","0.65654872","6"],["9461.8","0","0"],["9462.3","0","0"],["9462.4","0","0"],["9462.5","0.013","2"],["9462.6","0.108","3"],["9463","0.10762981","1"],["9463.3","0.01562525","2"],["9464.1","0.17417831","1"],["9464.4","0.078","1"],["9477.8","0","0"],["9478.8","0","0"],["9481.1","0.2","1"],["9590.3","0.00447973","1"],["9590.5","0.00305769","1"],["9591","0.36178135","1"]],"bids":[["9460.5","0.016","2"],["9460.4","0.073","4"],["9460.3","0.2","1"],["9460.2","0","0"],["9460.1","0","0"],["9460","0.27198","3"],["9459.5","0.33862525","3"],["9459.4","0.00299959","1"],["9458.9","0.0015","1"],["9458.8","0.201","2"],["9458.7","2.3","2"],["9458.6","0.202","2"],["9458.4","0","0"],["9458","0","0"],["9457.7","0.4352276","3"],["9457.4","0.00599341","3"],["9452","0","0"],["9438.1","4.65380937","3"],["9433.8","0.2","1"],["9330.8","0.00248637","1"],["9330.2","0.02826962","2"]],"timestamp":"2020-05-30T21:05:58.274Z","checksum":260467745}]} 
31.05.2020 00:05:58 okex: {"table":"spot/depth","action":"update","data":[{"instrument_id":"LTC-USDT","asks":[["46.85","11.13199","5"],["46.86","456.777004","8"],["46.87","592.245182","12"],["46.88","496.261483","8"]],"bids":[["46.82","0.001","1"],["46.81","53.20172","11"],["46.8","289.996619","13"],["46.79","245.536642","13"],["46.78","437.607097","15"],["46.62","300.858001","2"]],"timestamp":"2020-05-30T21:05:58.296Z","checksum":875871312}]} 
31.05.2020 00:05:58 okex: {"table":"spot/depth","action":"update","data":[{"instrument_id":"ETH-USDT","asks":[["236.48","0.007081","1"],["236.54","14.533122","1"],["245.71","0","0"]],"bids":[["236.45","57.4287","11"],["236.42","1.574","4"]],"timestamp":"2020-05-30T21:05:58.304Z","checksum":-1946490838}]} 
31.05.2020 00:05:58 okex: {"table":"spot/depth","action":"update","data":[{"instrument_id":"BTC-USDT","asks":[["9461.6","0.65817952","7"],["9461.9","0.80514772","5"],["9462.6","0.101","2"],["9462.8","0.11911837","3"],["9463","0","0"],["9463.3","0.00162525","1"],["9463.4","0.222","2"],["9466.7","0.01839283","1"],["9469.3","0.310153","4"],["9474.4","0.06801242","2"],["9480.9","4.90211199","6"],["9591.8","0.306123","2"]],"bids":[["9459.7","0.001","1"],["9459.5","0.20162525","2"],["9459","0","0"],["9458.9","0.1385","2"],["9458.8","0.001","1"],["9458.1","1.927","1"],["9456.3","4.84","3"],["9455.4","0.05285286","1"],["9454.8","0.08682017","2"],["9454.6","0","0"],["9453.3","0.85687902","2"],["9438.1","2.5394042","2"]],"timestamp":"2020-05-30T21:05:58.376Z","checksum":389076755}]} 
31.05.2020 00:05:58 okex: {"table":"spot/depth","action":"update","data":[{"instrument_id":"LTC-USDT","asks":[["46.86","439.787232","7"],["46.87","624.275931","14"],["46.99","56.074249","3"]],"bids":[["46.6","373.341904","5"]],"timestamp":"2020-05-30T21:05:58.399Z","checksum":-26099770}]} 
31.05.2020 00:05:58 okex: {"table":"spot/depth","action":"update","data":[{"instrument_id":"ETH-USDT","asks":[["236.48","0","0"],["236.55","24.380231","5"],["245.71","0.25","1"]],"bids":[["236.45","57.1747","10"],["236.42","0.8","3"],["236.41","16.55342","3"],["236.39","33.615842","6"],["236.36","42.078089","9"]],"timestamp":"2020-05-30T21:05:58.406Z","checksum":1255655833}]} 
31.05.2020 00:05:58 okex: {"table":"spot/depth","action":"update","data":[{"instrument_id":"BTC-USDT","asks":[["9461.6","0.65554872","5"],["9462.4","0.007","1"],["9462.8","0.01148856","2"],["9463.3","0.10925506","2"],["9466.3","0.16681739","4"],["9471","0.222","1"],["9477.3","0.60656275","1"],["9590.5","0","0"],["9591","0","0"],["9591.8","0","0"]],"bids":[["9460.5","0.008","1"],["9460.4","0.081","5"],["9459.9","0.201","2"],["9458.9","0.0015","1"],["9458.8","0.138","2"],["9458.7","1.3","1"],["9458.6","0.032","1"],["9458.3","1","1"],["9458.2","0.17211433","2"],["9452.5","0.94415243","6"],["9452.1","0.223","1"],["9439.6","2.11438841","1"],["9332.3","0","0"],["9330.8","0","0"],["9330.2","0","0"]],"timestamp":"2020-05-30T21:05:58.479Z","checksum":-1496149305}]} 
31.05.2020 00:05:58 okex: {"table":"spot/depth","action":"update","data":[{"instrument_id":"LTC-USDT","asks":[["46.86","471.804307","8"]],"bids":[["46.78","426.929041","14"],["46.77","584.009524","15"],["44.48","0.008","8"]],"timestamp":"2020-05-30T21:05:58.501Z","checksum":-751417670}]} 
31.05.2020 00:05:58 okex: {"table":"spot/depth","action":"update","data":[{"instrument_id":"ETH-USDT","asks":[["236.48","0.007081","1"],["245.71","0","0"]],"bids":[["236.41","17.32742","4"],["236.31","59.128277","8"],["235.89","14.597594","3"]],"timestamp":"2020-05-30T21:05:58.508Z","checksum":-1582184059}]} 
31.05.2020 00:05:58 gate.io: {"method": "depth.update", "params": [false, {"asks": [["9465.54", "0.2207"], ["9465.98", "0.2"], ["9466.64", "0"], ["9466.65", "0"]], "bids": [["9456.34", "0"], ["9456.01", "0.37323219"], ["9455.01", "0.2207"], ["9454.64", "0"]]}, "BTC_USDT"], "id": null} 
31.05.2020 00:05:58 okex: {"table":"spot/depth","action":"update","data":[{"instrument_id":"BTC-USDT","asks":[["9461.6","0.65817952","7"],["9462.4","0.207","2"],["9462.7","0","0"],["9465.7","0.42258007","1"],["9466","0","0"],["9470.1","0.08939774","1"],["9482.8","0.16955757","2"]],"bids":[["9460.4","0.281","6"],["9459.9","0.001","1"],["9459.5","0.00162525","1"],["9458.9","0.2015","2"],["9458.6","0.202","2"],["9458.2","0.00211433","1"],["9458","0.3","1"],["9457.7","0.1352276","2"],["9456.7","0","0"],["9454.8","0.075","1"],["9454.5","0.22325483","2"],["9454.3","0.22068187","2"],["9453","0.68065209","3"]],"timestamp":"2020-05-30T21:05:58.581Z","checksum":-146075160}]} 
31.05.2020 00:05:58 okex: {"table":"spot/depth","action":"update","data":[{"instrument_id":"LTC-USDT","asks":[["46.84","353.638035","8"],["46.86","488.794229","9"]],"bids":[["46.77","594.68644","16"]],"timestamp":"2020-05-30T21:05:58.603Z","checksum":193480262}]} 
31.05.2020 00:05:58 okex: {"table":"spot/depth","action":"update","data":[{"instrument_id":"ETH-USDT","asks":[["236.48","0","0"],["236.74","3.117326","3"],["245.71","0.25","1"]],"bids":[["236.45","54.2347","9"],["236.37","35.635385","4"],["236.31","52.780952","7"],["236.26","19.615558","3"]],"timestamp":"2020-05-30T21:05:58.611Z","checksum":1862390590}]} 
31.05.2020 00:05:58 gate.io: {"method": "depth.update", "params": [false, {"bids": [["46.72", "91.3993"], ["46.71", "113"]]}, "LTC_USDT"], "id": null} 
31.05.2020 00:05:58 gate.io: {"method": "depth.update", "params": [false, {"asks": [["236.52", "1.7441"], ["236.59", "4.6075485"], ["236.62", "0"], ["236.63", "0"], ["236.64", "10.0052"], ["236.65", "2.09277588"], ["236.67", "2.77670298"], ["236.77", "0.09639203"], ["236.86", "0.02167409"], ["236.89", "2.1042198"], ["236.97", "70.2704036512"]], "bids": [["236.31", "4.5"], ["236.26", "13.6778"], ["235.99", "0.11542331"], ["235.95", "2.12798124"], ["235.94", "0.11595754"], ["235.91", "5"]]}, "ETH_USDT"], "id": null} 
31.05.2020 00:05:58 okex: {"table":"spot/depth","action":"update","data":[{"instrument_id":"BTC-USDT","asks":[["9461.6","0.65554872","5"],["9461.9","0.80414772","4"],["9462","0.001","1"],["9462.3","0.013","2"],["9462.5","0.001","1"],["9462.6","0.1","1"],["9463.2","0.014","1"],["9463.4","0.208","1"],["9464.1","0.25217831","2"],["9464.4","0","0"],["9590","0","0"],["9590.3","0","0"]],"bids":[["9460.5","0","0"],["9460.4","0.21","2"],["9460.1","0.27898","6"],["9460","0.072","2"],["9459","0.137","1"],["9458.9","0.2139485","3"],["9458.8","0.001","1"],["9458.6","0","0"],["9458.5","0","0"],["9458.4","0.032","1"],["9458.2","0.17","1"],["9457.9","0","0"],["9457.7","0.0042276","1"],["9457.4","0.13699341","4"],["9456.3","3.84","2"],["9454.1","0.56428756","4"],["9453.3","0.434","1"],["9439.6","0","0"],["9332.3","0.001","1"],["9330.8","0.00248637","1"]],"timestamp":"2020-05-30T21:05:58.684Z","checksum":897786524}]} 
31.05.2020 00:05:58 okex: {"table":"spot/depth","action":"update","data":[{"instrument_id":"LTC-USDT","asks":[],"bids":[["46.77","598.40292","17"],["44.48","0.01","10"]],"timestamp":"2020-05-30T21:05:58.705Z","checksum":-15176096}]} 
31.05.2020 00:05:58 okex: {"table":"spot/depth","action":"update","data":[{"instrument_id":"ETH-USDT","asks":[["236.48","0.007081","1"],["236.65","83.73539","7"],["236.67","39.987164","9"],["236.69","15.217995","5"],["245.71","0","0"]],"bids":[["236.41","17.463865","5"],["236.39","33.479397","5"],["236.36","54.383089","10"],["236.25","27.307934","5"],["236.23","79.984084","4"],["236.18","5","1"],["229.27","0","0"]],"timestamp":"2020-05-30T21:05:58.713Z","checksum":1383481414}]} 
31.05.2020 00:05:58 okex: {"table":"spot/depth","action":"update","data":[{"instrument_id":"BTC-USDT","asks":[["9461.6","0.65817952","7"],["9461.9","0.80514772","5"],["9462","0","0"],["9462.3","0","0"],["9462.4","0.22","4"],["9464.1","0.17417831","1"],["9464.4","0.078","1"],["9483.9","1.079","1"],["9590","2.53074288","7"]],"bids":[["9460.4","0.258","6"],["9460.1","0.23098","2"],["9458.5","0.17","1"],["9458.2","0","0"],["9457.8","0.957","2"],["9457.6","0.659","2"],["9457.4","0.00599341","3"],["9456.9","0.00211442","1"],["9452","0.42288505","1"],["9438.1","4.65382949","3"],["9436.6","0","0"],["9330.8","0","0"]],"timestamp":"2020-05-30T21:05:58.787Z","checksum":1047157068}]} 
31.05.2020 00:05:58 okex: {"table":"spot/depth","action":"update","data":[{"instrument_id":"LTC-USDT","asks":[],"bids":[["45.01","972.562289","2"]],"timestamp":"2020-05-30T21:05:58.808Z","checksum":-15176096}]} 
31.05.2020 00:05:58 okex: {"table":"spot/depth","action":"update","data":[{"instrument_id":"ETH-USDT","asks":[["236.48","0","0"],["237.5","0.003545","1"],["245.71","0.25","1"]],"bids":[["236.41","17.32742","4"],["236.28","34.310946","6"],["235.38","0","0"],["229.27","0.223987","2"]],"timestamp":"2020-05-30T21:05:58.815Z","checksum":-1817273166}]} 
31.05.2020 00:05:59 okex: {"table":"spot/depth","action":"update","data":[{"instrument_id":"BTC-USDT","asks":[["9461.6","0.65554872","5"],["9463.2","0","0"],["9463.3","0.00162525","1"],["9463.9","0.529","2"],["9464","0.21","1"],["9465","7.1410314","2"],["9466.3","0.00827615","3"],["9467.4","0.41933336","3"],["9476.2","0.15860092","1"]],"bids":[["9459.4","0.60299959","2"],["9458.6","1","1"],["9458.3","0","0"],["9457.5","0.04","1"],["9439.7","0.01269317","1"],["9332.3","0","0"]],"timestamp":"2020-05-30T21:05:58.890Z","checksum":192108700}]} 
31.05.2020 00:05:59 okex: {"table":"spot/depth","action":"update","data":[{"instrument_id":"LTC-USDT","asks":[],"bids":[["45.02","101.984561","3"]],"timestamp":"2020-05-30T21:05:58.910Z","checksum":-15176096}]} 
31.05.2020 00:05:59 okex: {"table":"spot/depth","action":"update","data":[{"instrument_id":"ETH-USDT","asks":[["236.48","0.007081","1"],["237.01","0.8","1"],["237.52","46.775008","1"],["245.62","0","0"],["245.63","0","0"],["245.71","0","0"]],"bids":[["235.78","0.8","1"],["235.4","47.446261","2"],["229.27","0","0"]],"timestamp":"2020-05-30T21:05:58.917Z","checksum":-268841945}]} 
31.05.2020 00:05:59 okex: {"table":"spot/depth","action":"update","data":[{"instrument_id":"BTC-USDT","asks":[["9461.6","0.28517952","6"],["9461.9","0.80414772","4"],["9462","0.001","1"],["9462.4","0","0"],["9462.5","0.008","2"],["9462.6","0.009","1"],["9462.7","0.004","1"],["9463","0.3","2"],["9463.1","0.10762981","1"],["9463.3","0.43662525","2"],["9464.4","0","0"],["9464.5","0.12374701","3"],["9464.6","1.24828552","2"],["9464.9","0.66473734","2"],["9465.9","0.01051472","1"],["9466","0.05285247","1"],["9466.5","1.36084037","5"],["9467.8","0.528","1"],["9469.6","1.08805192","4"],["9589.6","0","0"],["9589.8","0","0"],["9590","0","0"]],"bids":[["9461.5","2.95080525","10"],["9460.8","0.008","1"],["9460.7","0.016","1"],["9460.6","0.18451793","2"],["9460.5","0.024","2"],["9460.4","0.241","3"],["9460.1","0.70592165","2"],["9459.9","0.201","2"],["9459.8","0","0"],["9459","0","0"],["9458.9","0.0139485","2"],["9458.7","1.332","2"],["9458.6","0","0"],["9458.5","0","0"],["9458.4","0","0"],["9457.6","0.528","1"],["9452","0","0"],["9435.6","0","0"],["9332.3","0.001","1"],["9330.8","0.00248637","1"],["9330.2","0.02826962","2"],["9330","4.51841284","14"]],"timestamp":"2020-05-30T21:05:58.992Z","checksum":1519549459}]} 
31.05.2020 00:05:59 okex: {"table":"spot/depth","action":"update","data":[{"instrument_id":"LTC-USDT","asks":[],"bids":[["44.48","0.011","11"]],"timestamp":"2020-05-30T21:05:59.011Z","checksum":-15176096}]} 
31.05.2020 00:05:59 okex: {"table":"spot/depth","action":"update","data":[{"instrument_id":"ETH-USDT","asks":[["236.48","0","0"],["237.1","12.9","1"],["245.62","0.039339","2"]],"bids":[["236.28","35.010762","7"]],"timestamp":"2020-05-30T21:05:59.019Z","checksum":1881090615}]} 
31.05.2020 00:05:59 gate.io: {"method": "depth.update", "params": [false, {"asks": [["9465.98", "0"], ["9476.3", "0.75"]], "bids": [["9456.49", "0"], ["9456.15", "0.1033"], ["9456.01", "0"], ["9454.21", "0"], ["9451.74", "0.1207"], ["9438.75", "0.0005"]]}, "BTC_USDT"], "id": null} 
31.05.2020 00:05:59 okex: {"table":"spot/depth","action":"update","data":[{"instrument_id":"BTC-USDT","asks":[["9461.6","0.0070036","2"],["9462","0","0"],["9462.5","0","0"],["9462.6","0.01","2"],["9462.7","0.011","2"],["9463","0.2","1"],["9463.1","0","0"],["9463.3","0.00162525","1"],["9463.6","0.18863701","4"],["9463.8","0.05585666","3"],["9463.9","0.001","1"],["9464.5","0.1113","2"],["9464.6","1.77628552","3"],["9466.2","0.23616704","3"],["9466.9","0.68237142","4"],["9467.8","0","0"],["9468.2","0.5","1"],["9468.5","1.32","2"],["9468.8","0.654825","2"],["9469.6","0.42805192","3"],["9589.6","0.00173534","1"],["9589.8","0.003238","1"],["9590","2.53074288","7"]],"bids":[["9461.5","2.95180525","11"],["9460.9","0.026","2"],["9460.7","0","0"],["9460.6","0.20751793","2"],["9460.4","0.2","1"],["9459.5","0.13862525","2"],["9459.4","0.6","1"],["9459.3","0.00299959","1"],["9459.2","1.002","2"],["9458.6","0.5","1"],["9457.8","1.088","3"],["9457.3","0.00211369","1"],["9456.9","0","0"],["9455","0.0052882","1"],["9454.1","0.51143079","3"],["9453.6","0","0"],["9453.3","0","0"],["9453.2","0.42288125","1"],["9452.5","1.39115243","7"],["9438.1","2.5394042","2"]],"timestamp":"2020-05-30T21:05:59.094Z","checksum":1462260478}]} 
31.05.2020 00:05:59 gate.io: {"method": "depth.update", "params": [false, {"asks": [["46.86", "0"], ["47.1", "22.46"], ["47.56", "0.2"]], "bids": [["46.82", "0"], ["45.8", "68.3817"]]}, "LTC_USDT"], "id": null} 
31.05.2020 00:05:59 okex: {"table":"spot/depth","action":"update","data":[{"instrument_id":"ETH-USDT","asks":[["236.48","0.007081","1"],["236.9","10.398006","6"],["245.62","0","0"]],"bids":[["236.28","41.354463","8"],["236.25","20.964233","4"],["236.01","10.866261","5"]],"timestamp":"2020-05-30T21:05:59.121Z","checksum":1760738229}]} 
31.05.2020 00:05:59 gate.io: {"method": "depth.update", "params": [false, {"asks": [["236.59", "4.7202095"], ["236.65", "0"], ["236.66", "2.31537142"], ["236.68", "2.38754454"], ["236.72", "10.3017"], ["236.89", "0"], ["237.09", "16.68"], ["237.13", "55.49"]], "bids": [["235.99", "0"], ["235.95", "2.24386475"], ["235.94", "0"], ["235.1", "0.28920662"], ["235.05", "3.4035"]]}, "ETH_USDT"], "id": null} 
31.05.2020 00:05:59 okex: {"table":"spot/depth","action":"update","data":[{"instrument_id":"BTC-USDT","asks":[["9461.6","0.0096344","4"],["9462.6","0.009","1"],["9462.7","0.012","3"],["9463","0","0"],["9463.3","0.30162525","3"],["9463.8","0.49685666","4"],["9465.4","0.01244701","1"],["9465.7","0","0"],["9465.9","0.4330874","2"],["9467.2","0.21138632","1"],["9467.9","0.13568569","1"],["9472.8","0","0"],["9479.2","0.0247075","2"]],"bids":[["9461.5","3.27233822","12"],["9461.3","0.001","1"],["9460.9","0","0"],["9460.8","0","0"],["9460.7","0.05","4"],["9460.5","0.008","1"],["9459.2","0.002","1"],["9458.2","0.00211435","1"],["9456.7","0.05284658","1"],["9456.2","0.42277264","1"],["9455.7","0.31709395","2"],["9455.4","0","0"],["9455.3","0.77685884","4"],["9454.8","0.18071768","2"],["9454.5","0.01183242","1"],["9452.5","1.57058616","8"],["9445.4","0.17443058","2"],["9444.2","0.1212","2"],["9440.1","2.11386324","1"],["9439.7","0","0"],["9439.5","2.66610915","2"],["9439.1","0.5","1"],["9437.7","0","0"],["9330","0","0"]],"timestamp":"2020-05-30T21:05:59.197Z","checksum":1577026441}]} 
31.05.2020 00:05:59 okex: {"table":"spot/depth","action":"update","data":[{"instrument_id":"LTC-USDT","asks":[["46.99","57.991955","4"]],"bids":[],"timestamp":"2020-05-30T21:05:59.214Z","checksum":1747221468}]} 
31.05.2020 00:05:59 okex: {"table":"spot/depth","action":"update","data":[{"instrument_id":"ETH-USDT","asks":[["236.48","0","0"],["236.93","24.342494","4"],["245.62","0.039339","2"]],"bids":[["236.41","17.463865","5"],["236.28","40.654647","7"]],"timestamp":"2020-05-30T21:05:59.224Z","checksum":1057919970}]} 
31.05.2020 00:05:59 okex: {"table":"spot/depth","action":"update","data":[{"instrument_id":"BTC-USDT","asks":[["9461.6","0.0070036","2"],["9462.6","0","0"],["9462.7","0","0"],["9463","0.004","1"],["9463.1","0.001","1"],["9463.2","0.009","1"],["9463.7","0.014","1"],["9464","0","0"],["9464.5","0.0333","1"],["9464.6","1.85428552","4"],["9464.9","0.15879569","1"],["9465.2","0.50594165","1"],["9479.2","0.02","1"],["9485","0.59378464","2"],["9589.8","0","0"],["9590","0","0"]],"bids":[["9461.5","3.47233822","13"],["9461.4","0.21065159","1"],["9461.3","0","0"],["9461.2","0.001","1"],["9460.9","0.01","1"],["9460.8","0.032","3"],["9460.7","0.016","1"],["9460.6","0.17651793","1"],["9460.5","0","0"],["9459.2","1.002","2"],["9458.9","0.0459485","3"],["9458.8","0.171","2"],["9458.7","1.3","1"],["9458","0.431","2"],["9457.8","0.957","2"],["9456.8","0","0"],["9439.1","0","0"],["9437.7","0.5","1"],["9330.2","0","0"]],"timestamp":"2020-05-30T21:05:59.300Z","checksum":1767251899}]} 
31.05.2020 00:05:59 okex: {"table":"spot/depth","action":"update","data":[{"instrument_id":"LTC-USDT","asks":[],"bids":[["46.77","564.987461","16"]],"timestamp":"2020-05-30T21:05:59.316Z","checksum":706314229}]} 
31.05.2020 00:05:59 okex: {"table":"spot/depth","action":"update","data":[{"instrument_id":"ETH-USDT","asks":[["236.48","0.007081","1"],["236.55","24.507899","6"],["236.63","4.8539","5"],["236.65","92.186892","8"],["245.62","0","0"]],"bids":[["236.28","53.721719","9"],["236.26","6.918165","2"],["231.64","0.029589","1"],["229.28","0","0"]],"timestamp":"2020-05-30T21:05:59.327Z","checksum":1453158213}]} 
